3234 4684
614 483 665 533 Du
683 482 815 532 RERVM
833 482 988 533 NAYVBA
1007 483 1041 533 11

375 783 412 846 Si
427 804 551 847 cessare
566 792 666 863 putas
682 805 793 847 rerum
809 785 994 863 primordia
1008 805 1101 864 posse

312 895 531 971 cessandoque
547 914 649 957 nouos
665 915 777 957 rerum
793 895 990 973 progignere
1006 902 1123 972 motus,
1179 940 1181 945 ·
1238 934 1241 937 ,

312 1002 408 1066 auius
424 1024 443 1066 a
458 1023 538 1066 uera
552 1004 647 1082 longe
662 1003 790 1066 ratione
805 1004 949 1082 ungaris.

311 1133 389 1175 cam
405 1113 561 1191 quoniam
577 1134 637 1191 per
653 1113 751 1177 inane
766 1121 945 1191 ungantur,
961 1120 1081 1178 cuncta
1096 1120 1256 1177 necessest

311 1229 371 1286 aut
387 1223 554 1300 grauitate
569 1243 628 1287 sua
646 1223 729 1285 ferri
746 1224 930 1302 primordia
945 1245 1057 1287 rerum

312 1338 371 1397 aut
389 1333 458 1396 ictu
475 1333 563 1397 forte
581 1334 727 1397 alterius.
772 1335 866 1409 (nam
888 1344 1036 1406 <eum>
1059 1334 1124 1398 cita
1142 1355 1238 1412 saepe

313 1442 411 1519 obuia
425 1443 609 1519 conflixere,
624 1443 662 1506 fit
677 1451 716 1506 ut
732 1443 864 1507 diuersa
879 1451 1014 1521 repente
1065 1471 1067 1475 ’

313 1552 495 1629 dissiliant3
510 1574 616 1630 neque
631 1553 718 1615 enim
732 1553 864 1630 mirum,
881 1554 1057 1617 durissima
1072 1575 1156 1632 quae
1170 1553 1239 1616 sint

312 1663 514 1741 ponderibus
530 1663 644 1725 solidis
658 1684 763 1740 neque
780 1663 955 1740 quicquam
971 1671 1065 1727 extra
1082 1663 1201 1740 quibus
1217 1663 1348 1740 obstet.)

668 1771 776 1819 IMVM
794 1770 907 1819 NIHIL
925 1770 1015 1820 ESSE

313 1866 345 1921 et
360 1878 425 1936 quo
439 1858 557 1921 iactari
570 1858 675 1936 magis
689 1859 798 1922 omnia
813 1859 964 1934 materiai

313 1989 453 2046 corpora
467 1968 655 2046 peruideas,
669 1968 876 2032 reminiscere
892 1969 995 2032 totius
1011 1969 1113 2031 imum

312 2078 361 2140 nil
376 2099 443 2142 csse
458 2079 492 2140 in
507 2099 642 2155 summa,
657 2099 762 2156 neque
776 2079 896 2142 habere
909 2078 967 2141 ubi
981 2099 1119 2157 corpora
1133 2079 1241 2157 prima

314 2188 504 2265 consistant,
523 2188 678 2266 quoniam
693 2189 839 2267 spatium
855 2189 925 2252 sine
941 2188 1005 2251 fine
1023 2190 1213 2267 modoquest

314 2298 562 2376 inmensumque
576 2306 690 2376 patere
704 2298 739 2360 in
753 2305 888 2361 cunctas
901 2298 1049 2375 undique
1064 2298 1171 2376 partis

314 2409 468 2487 pluribus
483 2408 611 2471 ostendi
627 2416 659 2470 et
675 2416 765 2472 certa
780 2409 908 2472 ratione
924 2410 1141 2487 probatumst.

271 2520 401 2596 —quod
417 2519 573 2596 quoniam
588 2525 725 2595 constat,
741 2519 899 2581 nimirum
914 2519 1007 2581 nulla
1023 2518 1115 2596 quies
1131 2526 1179 2582 est

314 2628 445 2691 reddita
461 2628 654 2705 corporibus
670 2629 787 2706 primis
802 2649 862 2706 per
878 2628 976 2691 inane
992 2628 1208 2706 profundum,

313 2739 370 2802 sed
384 2738 489 2816 magis
502 2738 643 2801 adsiduo
656 2737 814 2816 uarioque
828 2738 972 2801 exercita
984 2745 1075 2801 motu

314 2848 438 2927 partim
454 2848 643 2911 interuallis
657 2847 785 2925 magnis
801 2847 952 2910 confulta
968 2848 1142 2924 resultant,

314 2979 394 3037 pars
407 2958 507 3022 etiam
521 2958 678 3021 breuibus
692 2957 812 3035 spatiis
823 2964 990 3020 uexantur
1006 2959 1046 3020 ab
1061 2957 1141 3020 ictu.

315 3153 360 3215 Et
379 3172 602 3230 quaecumque
619 3130 725 3231 magis
741 3153 904 3214 condenso
920 3151 1097 3214 conciliatu

314 3262 441 3340 exiguis
458 3261 645 3325 interuallis
660 3269 816 3324 conuecta
830 3261 1005 3337 resultant,

287 3417 289 3421 .
315 3372 513 3450 indupedita
530 3370 598 3434 suis
615 3371 781 3449 perplexis
799 3370 871 3448 ipsa
888 3370 1013 3451 figuris,

314 3483 394 3545 haec
409 3482 539 3544 ualidas
555 3481 626 3544 saxi
641 3480 768 3543 radices
784 3486 816 3543 et
833 3480 906 3543 fera
923 3479 1007 3542 ferri

315 3612 453 3670 corpora
472 3591 678 3654 constituunt
697 3597 729 3652 et
746 3597 854 3653 cetera
877 3591 991 3661 <de>
1013 3572 1130 3667 genere
1147 3590 1274 3652 horum.

315 3708 433 3777 cetera,
450 3722 533 3779 quae
551 3720 652 3778 porro
666 3720 823 3778 magnum
839 3683 899 3777 per
915 3699 1014 3762 inane
1030 3705 1208 3777 ungantur,
1225 3775 1228 3779 ἵ

315 3812 460 3889 paucula
476 3810 644 3872 dissiliunt
661 3811 756 3887 longe
773 3810 933 3886 longeque
950 3792 1122 3888 recursant

344 3943 376 3991 88
388 3942 459 4003 vaip.
475 3957 492 3992 a
506 3945 584 4005 tergo
599 3940 660 3991 ibus

344 4020 378 4069 99
388 4019 456 4081 fort.
472 4021 586 4068 vexatur

327 4097 377 4146 105
388 4095 510 4160 paucula

327 4173 378 4223 106
388 4175 485 4222 cetera
