3234 4686
571 484 602 532 Τ.
622 482 785 534 LVGRETI
805 482 894 533 CARI

199 698 338 776 largiter
355 704 388 761 et
405 698 510 760 morbi
528 698 710 775 generatim
726 698 832 761 saecla
849 705 970 761 tenere.

156 814 249 870 —est
266 808 398 885 elephas
413 809 546 870 morbus
563 807 620 885 qui
636 815 773 886 propter
790 807 927 870 fiumina
944 806 1013 868 Nili

201 917 351 995 gignitur
369 918 525 995 Aegypto
539 917 575 978 in
592 917 700 980 media
718 936 822 995 neque
841 923 1012 994 praeterea
1028 936 1177 993 usquam.

200 1026 340 1090 Atthide
357 1013 565 1104 temptantur
582 1046 712 1104 gressus
729 1026 878 1104 oculique
895 1025 930 1087 in
947 1025 1088 1088 Achaeis

201 1135 331 1199 finibus.
368 1135 446 1200 inde
462 1136 536 1198 aliis
551 1136 638 1200 alius
651 1137 742 1199 locus
757 1142 805 1199 est
822 1135 974 1197 inimicus

201 1246 353 1325 partibus
371 1267 409 1309 ac
426 1246 596 1309 membris:
615 1245 731 1308 uarius
747 1245 922 1308 concinnat
940 1245 974 1306 id
994 1264 1059 1307 aer.

157 1356 341 1434 —proinde
355 1355 413 1419 ubi
427 1377 461 1420 se
476 1357 611 1432 caehim,
628 1357 715 1434 quod
730 1355 825 1417 nobis
839 1354 926 1418 forte
942 1355 1096 1431 alienum,

202 1474 382 1529 commouet
400 1472 498 1544 atque
515 1486 571 1529 aer
587 1465 740 1528 inimicus
756 1485 886 1542 serpere
903 1465 1019 1542 coepit,

202 1583 241 1639 111
257 1577 377 1639 nebula
394 1597 432 1639 ac
448 1578 551 1639 nubes
568 1576 730 1653 paulatim
746 1575 834 1652 repit
852 1583 883 1638 et
901 1595 994 1638 omne

203 1706 268 1762 qua
285 1686 439 1764 graditur
455 1688 631 1748 conturbat
648 1694 680 1748 et
698 1685 872 1748 immutare
891 1691 1034 1761 coactat;

202 1795 240 1858 fit
255 1816 383 1873 quoque
398 1803 446 1873 ut,
462 1796 497 1856 in
513 1803 662 1858 nostrum
678 1816 752 1858 cum
768 1795 860 1858 uenit
877 1796 1018 1872 denique
1034 1795 1170 1871 caelum,

203 1913 393 1983 corrumpat
411 1906 593 1982 reddatque
610 1906 662 1968 sui
679 1905 783 1968 simile
802 1914 900 1982 atque
919 1905 1072 1968 alienum.

204 2017 282 2078 baec
298 2015 402 2093 igitur
419 2016 527 2079 subito
544 2017 652 2078 clades
668 2036 755 2078 noua
772 2015 999 2093 pestilitasque

204 2132 262 2188 aut
277 2125 313 2186 in
329 2145 431 2203 aquas
447 2125 536 2188 cadit
553 2134 611 2188 aut
628 2125 744 2204 fruges
758 2125 898 2203 persidit
915 2126 949 2186 in
966 2125 1055 2203 ipsas

204 2242 262 2298 aut
279 2234 359 2298 alios
375 2235 544 2297 hominum
561 2242 676 2313 pastus
693 2237 920 2313 pecudumque
938 2235 1075 2312 cibatus,

205 2353 262 2408 aut
279 2345 378 2408 etiam
395 2366 553 2423 suspensa
569 2354 679 2408 manet
696 2346 749 2408 uis
766 2366 839 2408 aere
856 2345 891 2406 in
909 2345 981 2423 ipso

205 2462 246 2531 et,
261 2476 336 2518 cum
350 2456 515 2533 spirantes
530 2455 651 2517 mixtas
664 2455 742 2518 hinc
758 2454 908 2518 ducimus
924 2476 1031 2532 auras,

205 2564 262 2627 illa
278 2585 405 2642 quoque
422 2565 457 2626 in
474 2585 593 2642 corpus
610 2565 736 2643 pariter
752 2567 881 2628 sorbere
897 2572 1065 2628 necessest.

205 2674 365 2737 consimili
381 2675 509 2738 ratione
526 2675 619 2738 uenit
636 2677 743 2738 bubus
760 2695 888 2752 quoque
906 2695 1002 2752 saepe

205 2784 368 2861 pestilitas
384 2790 416 2847 et
432 2784 497 2847 iam
514 2784 619 2862 pigris
635 2785 825 2848 balantibus
841 2804 966 2862 aegror.

205 2914 264 2957 nec
279 2894 383 2958 refert
398 2901 512 2957 utrum
527 2915 586 2957 nos
601 2895 637 2956 in
651 2895 722 2957 loca
738 2895 951 2957 deueniamus

205 3003 299 3066 nobis
315 3006 455 3068 aduersa
472 3011 503 3067 et
520 3005 601 3068 caeli
618 3011 782 3067 mutemus
799 3005 965 3081 amictum,

206 3134 249 3176 111
266 3116 391 3177 caelum
407 3115 500 3177 nobis
516 3116 606 3177 ultro
622 3122 745 3177 natura
760 3123 936 3192 coruptum

207 3222 336 3287 deferat
353 3232 411 3287 aut
428 3224 553 3302 aliquid
572 3245 637 3302 quo
653 3244 719 3286 non
736 3224 964 3286 consueuimus
981 3223 1041 3300 uti,

206 3335 294 3410 quod
310 3354 369 3397 nos
385 3335 532 3397 aduentu
551 3334 652 3411 possit
669 3341 832 3411 temptare
849 3334 982 3397 recenti.

411 3626 462 3675 DE
482 3625 736 3675 PESTILENTIA
757 3624 1057 3675 ATHENIENSIVM

270 3713 360 3776 Η111
380 3713 467 3776 ratio
485 3715 650 3791 quondam
670 3716 857 3777 morborum
875 3720 907 3775 et
926 3712 1079 3775 mortifer
1098 3717 1207 3773 aestus

206 3821 327 3885 finibus
344 3823 380 3884 in
400 3823 554 3900 Cecropis
573 3822 723 3886 funestos
740 3822 887 3886 reddidit
907 3842 1003 3900 agros

206 3932 418 4010 uastauitque
435 3932 516 4007 uias,
534 3931 684 3993 exhausit
702 3932 831 3995 ciuibus
847 3933 971 3993 urbem.

207 4061 283 4104 111111
300 4040 433 4119 penitus
448 4040 585 4103 ueniens
601 4039 747 4117 Aegypti
763 4041 885 4102 finibus
901 4045 1002 4115 ortus,

702 4247 776 4298 [2531
