3234 4686
553 474 583 522 Τ.
604 474 767 525 LVCBETI
787 473 876 524 onai

179 688 313 766 liquisse
330 695 363 751 11
378 709 515 765 magnas
531 689 612 751 caeli
629 690 804 766 complesse
820 709 996 752 cauernas:

135 818 283 875 -usqne
299 799 381 862 adeo
396 804 503 861 taetra
518 798 706 860 nimborum
721 806 815 862 nocte
831 805 942 861 coorta

180 907 363 985 inpendent
380 914 472 970 atrae
489 907 679 970 formidinis
696 928 753 970 ora
770 927 922 985 superne,

180 1037 255 1079 cnm
270 1016 450 1079 commoliri
465 1024 643 1106 tempestas
659 1016 803 1080 fulmina
817 1024 957 1095 coeptat.

179 1133 353 1203 praeterea
367 1146 523 1204 persaepe
539 1126 634 1205 niger
650 1147 778 1204 quoque
795 1147 854 1204 per
870 1147 959 1189 mare
975 1126 1116 1203 nimbus,

180 1243 219 1298 ut
233 1235 317 1314 picis
331 1256 348 1297 e
364 1237 453 1298 caelo
468 1236 644 1299 demissum
660 1236 791 1312 flumen,
808 1235 844 1297 in
859 1236 967 1298 undas

180 1345 226 1408 sic
242 1345 331 1408 cadit
347 1345 483 1408 effertus
498 1346 643 1408 tenebris
659 1346 775 1423 procul
792 1352 824 1408 et
840 1345 946 1415 trahit
962 1352 1069 1408 atram

181 1453 378 1517 fulminibus
395 1455 569 1533 grauidam
587 1461 815 1532 tempestatem
834 1461 933 1533 atque
951 1455 1113 1533 procellis,

180 1564 312 1642 ignibus
329 1585 366 1627 ac
383 1564 493 1627 uentis
510 1586 583 1627 cum
600 1564 717 1642 primis
734 1563 804 1651 ipse
821 1565 976 1643 repletus,

180 1674 216 1735 in
231 1681 321 1737 terra
337 1695 466 1752 quoque
481 1681 520 1736 ut
535 1675 727 1737 horrescant
744 1694 781 1736 ac
797 1680 884 1737 tecta
900 1673 1083 1752 requirant.

179 1784 226 1846 sic
241 1783 345 1861 igitur
360 1804 482 1871 supera
496 1791 646 1846 nostrum
662 1791 763 1861 caput
779 1803 846 1846 esse
862 1785 1083 1862 putandumst

179 1894 541 1971 tempestatemaltam3
557 1914 663 1970 neque
680 1893 766 1956 enim
782 1892 922 1970 caligine
937 1900 1034 1956 tanta

180 2004 355 2065 obruerent
373 2010 488 2079 terras,
506 2001 570 2064 nisi
588 2002 797 2065 inaedificata
814 2023 955 2080 superne

179 2113 286 2175 multa
301 2112 412 2175 forent
428 2112 541 2175 multis
557 2119 708 2190 exempto
723 2112 839 2175 nubila
854 2113 929 2189 sole,

179 2242 238 2284 nec
253 2228 349 2284 tanto
364 2229 496 2300 possent
512 2222 683 2285 uenientes
699 2222 886 2300 opprimere
903 2222 1010 2299 imbri,

179 2331 317 2394 flumina
332 2332 501 2394 abundare
516 2338 555 2394 ut
572 2332 721 2395 facerent
736 2352 931 2410 camposque
947 2338 1073 2409 natare,

179 2440 288 2503 sinon
304 2441 463 2504 extructis
478 2441 566 2504 foret
581 2443 647 2505 alte
662 2441 806 2504 nubibus
822 2443 943 2504 aether.

179 2550 232 2612 bic
247 2550 351 2628 igitur
366 2550 476 2613 uentis
491 2558 589 2628 atque
606 2532 738 2628 ignibus
754 2551 864 2615 omnia
879 2552 978 2629 plena

179 2667 274 2736 sunt;
290 2659 363 2722 ideo
377 2659 498 2738 passim
514 2660 670 2723 fremitus
684 2668 716 2723 et
732 2660 869 2738 fulgura
884 2661 979 2723 fiunt.

179 2769 302 2847 quippe
318 2769 439 2831 etenim
455 2790 557 2847 supra
574 2770 670 2832 docui
686 2771 854 2848 permulta
869 2770 1004 2848 uaporis

179 2877 303 2942 semina
316 2880 436 2942 habere
452 2900 550 2941 canas
566 2881 670 2942 nubes
684 2885 716 2943 et
731 2880 836 2942 multa
852 2886 1012 2942 necessest

179 2988 348 3065 concipere
366 3008 406 3050 ex
422 2989 499 3050 solis
517 2989 620 3051 radiis
637 2990 819 3066 ardoreque
837 3009 959 3051 eorum.

137 3099 238 3160 ——boo
253 3098 310 3160 ubi
325 3105 446 3161 uentus
462 3118 516 3162 eas
531 3098 617 3162 idern
634 3098 691 3175 qui
708 3097 794 3176 cogit
810 3098 845 3159 in
860 3119 965 3160 unum

179 3206 265 3269 forte
283 3208 389 3270 locum
406 3207 565 3285 quemuis,
582 3207 742 3286 expressit
758 3209 865 3270 multa
880 3207 1015 3286 uaporis

178 3316 302 3379 semina
317 3337 413 3394 seque
429 3317 527 3379 simul
543 3339 617 3380 cum
633 3337 670 3379 10
685 3317 888 3379 commiscuit
904 3316 983 3395 igni,

178 3426 366 3488 insinuatus
382 3427 428 3489 ibi
444 3433 562 3489 nortex
578 3434 732 3489 uersatur
750 3426 784 3487 in
802 3428 869 3488 alto

178 3542 210 3597 et
226 3535 343 3599 calidis
358 3536 448 3599 acuit
466 3536 593 3598 fulmen
612 3536 803 3599 fornacibus
820 3535 928 3611 intus;

163 3645 254 3720 (nam
271 3645 398 3723 duplici
413 3645 541 3709 ratione
558 3644 759 3720 accenditur,
775 3645 845 3722 ipse
861 3665 921 3707 sua
936 3666 1010 3707 cum

177 3754 358 3818 mobilitate
375 3755 505 3817 calescit
522 3761 554 3816 et
570 3774 586 3815 1
603 3755 796 3832 contagibus
812 3754 929 3832 ignis).

176 3863 253 3928 inde
269 3864 327 3927 ubi
343 3864 506 3942 percaluit
522 3862 616 3925 uenti
632 3864 683 3925 uis
704 3870 810 3935 <et>
832 3863 944 3941 grauis
960 3863 1047 3941 ignis

189 3995 238 4045 258
248 4000 276 4045 et
293 3996 384 4045 fertus
418 3995 485 4056 sort.
502 3998 530 4043 et
547 3993 623 4043 fetus

189 4063 238 4113 277
249 4064 320 4125 vulp.
338 4068 401 4113 arto
