3234 4686
569 472 599 520 T.
620 470 784 521 Lvonnrl
803 470 892 521 CARI

194 684 336 762 pellibus
351 691 384 748 et
399 683 512 762 spoliis
528 705 648 763 corpus
662 684 785 748 uestire
801 684 959 762 ferarum,

193 795 250 856 sed
266 814 400 857 nemora
416 801 515 872 atque
531 815 629 858 cauos
644 794 765 857 montis
781 795 947 872 siluasque
964 795 1114 857 colebant

193 911 226 966 et
242 903 382 967 frutices
398 904 486 967 inter
500 905 685 968 condebant
700 904 851 982 squalida
867 905 1014 968 membra

192 1014 333 1077 uerbera
349 1020 525 1076 uentorum
541 1013 651 1077 uitare
668 1013 846 1091 imbrisque
862 1013 976 1076 coacti.

192 1144 252 1186 nec
268 1143 438 1187 commune
453 1125 575 1187 bonum
590 1130 745 1202 poterant
760 1130 908 1201 spectare
922 1144 1028 1201 neque
1043 1122 1122 1186 ullis

192 1233 338 1296 moribus
354 1233 443 1296 inter
458 1253 491 1295 se
507 1233 635 1297 scibant
651 1253 711 1296 nec
727 1233 855 1311 legibus
869 1233 930 1296 uti.

192 1343 281 1420 quod
297 1341 415 1420 cuique
432 1343 597 1406 obtulerat
612 1343 756 1421 praedae
772 1342 919 1419 fortuna,
937 1342 1066 1406 ferebat

191 1459 309 1529 sponte
324 1473 385 1515 sua
401 1451 463 1515 sibi
479 1453 617 1530 quisque
632 1453 744 1516 ualere
760 1459 793 1516 et
808 1452 923 1515 uiuere
938 1453 1065 1516 doctus.

192 1568 224 1625 et
239 1563 355 1625 Venus
369 1561 404 1623 in
420 1562 514 1624 siluis
529 1561 687 1640 iungebat
703 1581 842 1640 corpora
857 1569 1044 1639 amantum3

190 1671 388 1735 conciliabat
404 1671 491 1733 enim
507 1673 562 1734 uel
578 1678 695 1734 mutua
711 1691 874 1749 quamque
891 1671 1013 1749 cupido

191 1782 245 1843 uel
260 1781 408 1844 uiolenta
423 1780 491 1843 uiri
507 1781 559 1843 uis
576 1787 675 1858 atque
692 1781 831 1858 inpensa
846 1780 951 1844 libido

191 1891 245 1953 uel
261 1890 416 1969 pretium,
433 1891 570 1969 glandes
586 1898 685 1968 atque
702 1890 810 1953 arbita
825 1892 880 1954 uel
896 1890 972 1968 pira
986 1892 1080 1954 lecta.

192 2007 222 2062 et
239 2021 398 2063 manuum
414 2000 499 2063 mira
516 2000 596 2063 freti
612 2001 740 2063 uirtute
757 2003 943 2079 pedumque

190 2111 464 2172 consectabantur
480 2110 645 2173 silvestria
662 2112 768 2174 saecla
783 2110 933 2174 ferarum

189 2219 368 2282 missilibus
383 2220 472 2282 saxis
486 2227 518 2284 et
532 2240 653 2298 magno
667 2221 812 2298 pondere
827 2222 958 2296 clauae;

188 2329 360 2407 multaque
377 2329 564 2405 uincebant,
582 2330 737 2393 uitabant
755 2351 862 2408 pauca
878 2331 1031 2407 latebris;

188 2438 423 2516 saetigerisque
438 2459 535 2516 pares
549 2441 651 2502 subus
665 2439 832 2503 siluestria
846 2443 991 2503 membra

187 2549 280 2611 nuda
303 2549 506 2619 <da>bant
523 2554 631 2612 terrae
649 2556 812 2611 nocturno
829 2556 975 2627 tempore
994 2551 1092 2627 capti,

188 2657 314 2720 circum
329 2678 362 2719 se
379 2657 470 2721 foliis
485 2679 522 2721 ac
539 2658 715 2721 frondibus
731 2658 948 2722 inuoluentes.

146 2787 247 2831 *nec
264 2768 424 2845 plangore
440 2767 527 2831 diem
542 2788 663 2845 magno
677 2769 841 2845 solemque
857 2789 918 2845 per
935 2789 1032 2846 agros

188 2878 391 2954 quaerebant
408 2877 524 2955 pauidi
542 2879 693 2956 palantes
710 2878 815 2940 noctis
831 2878 867 2938 in
883 2878 1018 2955 umbris,

187 2987 244 3049 sed
262 2985 357 3048 taciti
373 2989 604 3064 respectabant
619 3007 795 3064 somnoque
813 2988 944 3065 sepulti,

187 3096 268 3157 dum
283 3115 375 3158 rosea
390 3095 463 3158 face
477 3097 525 3158 sol
541 3096 682 3158 inferret
697 3096 824 3160 lumina
840 3099 938 3160 caelo.

139 3222 143 3228 ’
187 3204 338 3282 aparuis
354 3206 442 3283 quod
458 3205 545 3269 enim
561 3213 758 3269 consuerant
774 3227 907 3270 cernere
923 3228 1050 3285 semper

187 3316 317 3377 alterno
333 3315 485 3378 tenebras
502 3323 535 3378 ct
551 3316 657 3377 lucem
674 3322 821 3393 tempore
840 3316 942 3394 gigni,

186 3444 253 3486 non
269 3430 341 3487 erat
355 3430 394 3486 ut
408 3423 481 3487 fieri
497 3431 606 3501 posset
620 3424 773 3487 mirarier
788 3447 945 3503 umquam

185 3553 245 3596 nec
264 3533 411 3596 diffidere
428 3554 469 3595 ne
486 3540 593 3597 terras
611 3542 746 3598 aeterna
762 3542 889 3598 teneret

153 3649 156 3654 '
186 3663 251 3705 nox
268 3643 304 3704 in
321 3650 519 3721 perpetuum
536 3644 686 3707 detracto
701 3644 825 3708 lumine
841 3644 927 3707 solis.

185 3753 241 3814 sed
257 3752 363 3830 magis
377 3753 462 3814 illud
478 3759 548 3815 erat
565 3773 672 3828 curae,
688 3755 775 3830 quod
791 3747 897 3817 saecla
912 3753 1061 3816 ferarum

186 3862 343 3926 infestam
358 3861 486 3924 miseris
501 3861 669 3925 faciebant
686 3883 782 3940 saepe
798 3862 949 3940 quietem.

186 3972 343 4049 eiectique
359 3972 456 4033 domo
470 3970 644 4049 fugiebant
659 3991 757 4034 saxea
771 3977 858 4035 tecta

184 4081 366 4159 spumigeri
382 4079 450 4142 suis
466 4081 613 4143 aduentu
629 4080 799 4157 ualidique
814 4080 917 4143 leonis

676 4245 749 4297 [197]
