3190 4682
660 428 712 476 DE
730 427 863 476 RERVM
879 427 1035 477 Narras
1054 427 1098 477 IV

368 647 467 719 atque
485 640 566 704 alias
584 641 641 704 alii
658 642 822 720 complent
840 641 944 720 magis
961 663 1001 705 ex
1019 641 1156 719 aliisque

367 750 557 829 succipiunt
573 750 656 814 aliae
673 752 803 829 pondus
815 751 923 829 magis
939 750 1038 828 inque
1055 750 1280 829 grauescunt.)

324 867 402 923 —et
416 861 539 923 multae
555 860 683 923 steriles
699 860 900 937 Hymenaeis
916 867 992 923 ante
1009 859 1149 923 fuerunt

367 969 522 1047 pluribus
538 977 570 1032 et
586 977 702 1032 nactae
720 976 794 1048 post
810 977 889 1032 sunt
906 977 1016 1032 tamen
1033 970 1121 1032 unde
1139 970 1265 1048 puellos

367 1079 533 1157 suscipere
550 1085 582 1142 et
599 1087 700 1157 partu
717 1086 849 1157 possent
866 1079 1024 1143 ditescere
1041 1077 1140 1142 dulci.

367 1193 399 1250 et
417 1188 537 1265 quibus
553 1195 629 1251 ante
646 1189 734 1251 domi
751 1188 913 1251 fecundae
931 1207 1027 1266 saepe
1044 1187 1233 1265 nequissent

366 1297 479 1360 uxoris
495 1283 621 1376 parere,
639 1298 807 1361 inuentast
823 1297 889 1360 illis
905 1317 1034 1375 quoque
1050 1317 1184 1375 compar

366 1413 498 1483 natura,
515 1412 555 1469 ut
570 1414 702 1485 possent
719 1407 829 1486 gnatis
845 1407 974 1469 munire
991 1413 1163 1470 senectam.

323 1536 470 1594 -usque
488 1514 570 1580 adeo
587 1516 699 1594 magni
717 1516 832 1593 refert,
851 1524 890 1579 ut
908 1516 1032 1579 semina
1050 1516 1178 1593 possint

366 1625 545 1689 seminibus
560 1626 760 1689 commisceri
776 1625 966 1704 genitaliter
983 1632 1071 1703 apta,

366 1755 540 1812 crassaque
556 1735 755 1798 conueniant
771 1735 907 1813 liquidis
924 1743 956 1799 et
971 1735 1100 1813 liquida
1115 1734 1241 1798 crassis.

323 1851 465 1921 —otque
483 1844 518 1905 in
535 1863 573 1906 eo
588 1844 693 1907 refert
710 1864 776 1923 quo
791 1845 885 1908 uictu
901 1845 974 1910 uita
991 1845 1119 1907 colatur
1128 1871 1136 1921 ;

366 1973 507 2031 namque
524 1953 597 2016 aliis
613 1956 712 2017 rebus
727 1961 941 2017 concrescunt
954 1954 1082 2027 ,semina
1097 1953 1250 2017 membris

366 2069 465 2140 atque
482 2063 556 2126 aliis
571 2070 794 2127 extenuantur
810 2065 988 2140 tabentque
1005 2062 1160 2126 uicissim.

366 2179 400 2235 et
413 2171 532 2249 quibus
547 2172 620 2250 ipsa
633 2173 739 2235 modis
753 2179 916 2236 tractetur
930 2173 1054 2236 blanda
1068 2173 1233 2251 uoluptas

365 2281 400 2342 id
418 2301 546 2359 quoque
565 2282 737 2360 permagni
754 2282 876 2358 refert3
894 2302 971 2345 nam
989 2302 1078 2344 more
1097 2282 1245 2345 ferarum

365 2391 685 2469 quadrupedumque
700 2391 805 2470 magis
821 2391 890 2454 ritu
906 2393 1099 2469 plerumque
1116 2397 1279 2469 putantur

366 2500 536 2578 concipere
552 2520 679 2577 uxores,
697 2501 775 2578 quia
790 2501 836 2563 sic
851 2501 923 2563 loca
938 2521 1065 2564 sumere
1082 2507 1229 2578 possunt,

366 2610 554 2687 pectoribus
570 2610 695 2687 positis,
713 2610 852 2673 sublatis
868 2609 992 2673 semina
1008 2609 1138 2672 lumbis.

322 2739 423 2782 -uec
439 2720 557 2782 molles⁴
568 2719 649 2797 opu'
666 2727 744 2781 sunt
759 2727 867 2782 motus
882 2719 1170 2782 uxoribushilum.

365 2849 442 2891 nam
458 2828 577 2892 mulier
593 2829 746 2906 prohibet
762 2849 795 2892 se
812 2829 982 2906 concipere
999 2835 1098 2906 atque
1114 2834 1289 2905 repugnat,

365 2937 519 3000 clunibus
535 2937 608 3015 ipsa
625 2937 692 3000 uiri
709 2938 870 3001 Venerem
887 2937 915 3000 si
932 2938 1021 3000 laeta
1037 2943 1196 3000 retractat

366 3055 464 3124 atque
482 3055 630 3110 exossato
646 3047 710 3110 ciet
727 3048 815 3109 omni
833 3055 964 3125 pectore
981 3047 1119 3123 fluctus3

350 3156 442 3232 (eicit
460 3156 546 3218 enim
563 3158 691 3219 sulcum
708 3165 798 3219 recta
815 3157 947 3234 regione
964 3157 1085 3234 uiaque

364 3266 506 3329 uomeris
524 3273 622 3343 atque
639 3266 717 3328 locis
734 3266 858 3329 auertit
874 3266 1007 3328 seminis
1023 3266 1157 3342 ictum).

364 3375 464 3452 idque
481 3396 541 3438 sua
557 3396 657 3438 causa
671 3380 871 3438 consuerunt
888 3383 996 3438 scorta
1011 3376 1146 3451 moueri,

365 3505 406 3548 ne
425 3486 668 3562 complerentur
686 3487 799 3548 crebro
818 3485 1041 3562 grauidaeque
1059 3485 1213 3561 iacerent,

365 3602 398 3656 et
414 3595 511 3656 simul
527 3594 601 3671 ipsa
616 3594 700 3657 uiris
716 3596 829 3656 Venus
844 3600 882 3656 ut
900 3593 1090 3656 concinnior
1107 3600 1206 3669 esset3

322 3703 559 3781 -coniugibus
576 3705 663 3780 quod
679 3704 728 3765 nil
744 3703 866 3766 nostris
883 3723 965 3780 opus
982 3723 1049 3767 esse
1065 3703 1210 3765 uidetur.

425 3899 493 3962 Nec
511 3897 674 3959 diuinitus
693 3897 861 3959 interdum
877 3896 1081 3974 Venerisque
1099 3895 1229 3974 sagittis

330 4027 336 4047 ⁰
364 4007 525 4069 deteriore
542 4006 580 4068 fit
596 4014 634 4069 ut
652 4006 760 4069 forma
776 4006 971 4069 muliercula
988 4012 1126 4069 ametur.

858 4196 932 4248 [162]
981 4211 984 4214 ’
