<?xml version="1.0" encoding="UTF-8"?>
<!DOCTYPE html PUBLIC "-//W3C//DTD XHTML 1.0 Transitional//EN"
    "http://www.w3.org/TR/xhtml1/DTD/xhtml1-transitional.dtd">
<html xmlns="http://www.w3.org/1999/xhtml" xml:lang="en" lang="en">
 <head>
  <title>
</title>
<meta http-equiv="Content-Type" content="text/html;charset=utf-8" />
  <meta name='ocr-system' content='tesseract 3.04.00' />
  <meta name='ocr-capabilities' content='ocr_page ocr_carea ocr_par ocr_line ocrx_word'/>
</head>
<body>
  <div class='ocr_page' id='page_1' title='image "./lvcretiderervmn00merrgoog_0070.png"; bbox 0 0 3234 4684; ppageno 0'>
   <div class='ocr_carea' id='block_1_1' title="bbox 515 468 834 519">
    <p class='ocr_par' dir='ltr' id='par_1_1' title="bbox 515 468 834 519">
     <span class='ocr_line' id='line_1_1' title="bbox 515 468 834 519; baseline 0.006 -2"><span class='ocrx_word' id='word_1_1' title='bbox 515 468 546 517; x_wconf 85' lang='grc' dir='ltr'>Τ.</span> <span class='ocrx_word' id='word_1_2' title='bbox 564 468 727 519; x_wconf 82' lang='lat' dir='ltr'><strong><em>LVCBETI</em></strong></span> <span class='ocrx_word' id='word_1_3' title='bbox 745 468 834 519; x_wconf 81' lang='lat' dir='ltr'><em>CARI</em></span> 
     </span>
    </p>
   </div>
   <div class='ocr_carea' id='block_1_2' title="bbox 98 679 1017 1199">
    <p class='ocr_par' dir='ltr' id='par_1_2' title="bbox 139 679 1017 869">
     <span class='ocr_line' id='line_1_2' title="bbox 140 679 963 761; baseline 0.006 -20"><span class='ocrx_word' id='word_1_4' title='bbox 140 679 249 742; x_wconf 88' lang='lat' dir='ltr'>omnis</span> <span class='ocrx_word' id='word_1_5' title='bbox 265 681 353 743; x_wconf 92' lang='lat' dir='ltr'>enim</span> <span class='ocrx_word' id='word_1_6' title='bbox 369 682 458 745; x_wconf 83' lang='lat' dir='ltr'>calor</span> <span class='ocrx_word' id='word_1_7' title='bbox 474 703 511 746; x_wconf 94' lang='lat' dir='ltr'>ac</span> <span class='ocrx_word' id='word_1_8' title='bbox 528 681 638 760; x_wconf 85' lang='lat' dir='ltr'>frigus</span> <span class='ocrx_word' id='word_1_9' title='bbox 653 682 817 760; x_wconf 90' lang='lat' dir='ltr'>mediique</span> <span class='ocrx_word' id='word_1_10' title='bbox 832 690 963 761; x_wconf 90' lang='lat' dir='ltr'>tepores</span> 
     </span>
     <span class='ocr_line' id='line_1_3' title="bbox 139 782 1017 869; baseline 0.007 -19"><span class='ocrx_word' id='word_1_11' title='bbox 139 789 391 867; x_wconf 90' lang='lat' dir='ltr'>interutrasque</span> <span class='ocrx_word' id='word_1_12' title='bbox 407 790 515 854; x_wconf 90' lang='lat' dir='ltr'>iacent</span> <span class='ocrx_word' id='word_1_13' title='bbox 532 793 700 869; x_wconf 82' lang='lat' dir='ltr'>explentes</span> <span class='ocrx_word' id='word_1_14' title='bbox 716 792 831 856; x_wconf 88' lang='lat' dir='ltr'>ordine</span> <span class='ocrx_word' id='word_1_15' title='bbox 847 782 1017 856; x_wconf 65' lang='lat' dir='ltr'>summam}</span> 
     </span>
    </p>

    <p class='ocr_par' dir='ltr' id='par_1_3' title="bbox 98 899 987 1199">
     <span class='ocr_line' id='line_1_4' title="bbox 98 899 863 978; baseline 0.007 -18"><span class='ocrx_word' id='word_1_16' title='bbox 98 918 222 976; x_wconf 86' lang='lat' dir='ltr'>—ergo</span> <span class='ocrx_word' id='word_1_17' title='bbox 237 899 335 963; x_wconf 89' lang='lat' dir='ltr'>finita</span> <span class='ocrx_word' id='word_1_18' title='bbox 349 900 476 965; x_wconf 89' lang='lat' dir='ltr'>distant</span> <span class='ocrx_word' id='word_1_19' title='bbox 492 900 620 965; x_wconf 86' lang='lat' dir='ltr'>ratione</span> <span class='ocrx_word' id='word_1_20' title='bbox 636 910 756 978; x_wconf 89' lang='lat' dir='ltr'>creata,</span> <span class='ocrx_word' id='word_1_21' title='bbox 861 951 863 955; x_wconf 41' lang='lat'>&lt;</span> 
     </span>
     <span class='ocr_line' id='line_1_5' title="bbox 139 1008 987 1089; baseline 0.004 -19"><span class='ocrx_word' id='word_1_22' title='bbox 139 1008 284 1086; x_wconf 87' lang='lat' dir='ltr'>ancipiti</span> <span class='ocrx_word' id='word_1_23' title='bbox 299 1009 455 1086; x_wconf 93' lang='lat' dir='ltr'>quoniam</span> <span class='ocrx_word' id='word_1_24' title='bbox 469 1010 619 1073; x_wconf 88' lang='lat' dir='ltr'>mucroni</span> <span class='ocrx_word' id='word_1_25' title='bbox 634 1011 801 1088; x_wconf 88' lang='lat' dir='ltr'>utrimque</span> <span class='ocrx_word' id='word_1_26' title='bbox 817 1018 987 1089; x_wconf 89' lang='lat' dir='ltr'>notantur,</span> 
     </span>
     <span class='ocr_line' id='line_1_6' title="bbox 139 1117 917 1199; baseline 0.005 -20"><span class='ocrx_word' id='word_1_27' title='bbox 139 1117 219 1181; x_wconf 92' lang='lat' dir='ltr'>hinc</span> <span class='ocrx_word' id='word_1_28' title='bbox 237 1118 378 1181; x_wconf 86' lang='lat' dir='ltr'>flammis</span> <span class='ocrx_word' id='word_1_29' title='bbox 394 1119 486 1182; x_wconf 91' lang='lat' dir='ltr'>illinc</span> <span class='ocrx_word' id='word_1_30' title='bbox 502 1119 620 1198; x_wconf 82' lang='lat' dir='ltr'>rigidis</span> <span class='ocrx_word' id='word_1_31' title='bbox 637 1120 761 1183; x_wconf 82' lang='lat' dir='ltr'>infesta</span> <span class='ocrx_word' id='word_1_32' title='bbox 776 1120 917 1199; x_wconf 85' lang='lat' dir='ltr'>pruinis.</span> 
     </span>
    </p>
   </div>
   <div class='ocr_carea' id='block_1_3' title="bbox 206 1477 1123 1645">
    <p class='ocr_par' dir='ltr' id='par_1_4' title="bbox 206 1477 1123 1645">
     <span class='ocr_line' id='line_1_7' title="bbox 303 1477 1043 1539; baseline 0.003 -12"><span class='ocrx_word' id='word_1_33' title='bbox 303 1478 455 1537; x_wconf 83' lang='lat' dir='ltr'>&lt;INTER</span> <span class='ocrx_word' id='word_1_34' title='bbox 477 1477 521 1528; x_wconf 78' lang='lat' dir='ltr'>SE</span> <span class='ocrx_word' id='word_1_35' title='bbox 544 1478 696 1528; x_wconf 83' lang='lat' dir='ltr'>SIMILIA</span> <span class='ocrx_word' id='word_1_36' title='bbox 718 1479 898 1528; x_wconf 81' lang='lat' dir='ltr'>INFINITA</span> <span class='ocrx_word' id='word_1_37' title='bbox 920 1478 1043 1539; x_wconf 82' lang='lat' dir='ltr'>ESSE&gt;</span> 
     </span>
     <span class='ocr_line' id='line_1_8' title="bbox 206 1566 1123 1645; baseline 0.001 -16"><span class='ocrx_word' id='word_1_38' title='bbox 206 1567 304 1644; x_wconf 85' lang='lat' dir='ltr'>Quod</span> <span class='ocrx_word' id='word_1_39' title='bbox 321 1566 476 1644; x_wconf 89' lang='lat' dir='ltr'>quoniam</span> <span class='ocrx_word' id='word_1_40' title='bbox 493 1568 600 1644; x_wconf 87' lang='lat' dir='ltr'>docui,</span> <span class='ocrx_word' id='word_1_41' title='bbox 617 1587 753 1645; x_wconf 84' lang='lat' dir='ltr'>pergam</span> <span class='ocrx_word' id='word_1_42' title='bbox 770 1574 937 1630; x_wconf 88' lang='lat' dir='ltr'>conectere</span> <span class='ocrx_word' id='word_1_43' title='bbox 954 1589 1022 1632; x_wconf 88' lang='lat' dir='ltr'>rem</span> <span class='ocrx_word' id='word_1_44' title='bbox 1040 1588 1123 1645; x_wconf 91' lang='lat' dir='ltr'>quae</span> 
     </span>
    </p>
   </div>
   <div class='ocr_carea' id='block_1_4' title="bbox 130 1675 1083 3940">
    <p class='ocr_par' dir='ltr' id='par_1_5' title="bbox 141 1675 929 1754">
     <span class='ocr_line' id='line_1_9' title="bbox 141 1675 929 1754; baseline 0.001 -16"><span class='ocrx_word' id='word_1_45' title='bbox 141 1696 181 1738; x_wconf 85' lang='lat' dir='ltr'>ex</span> <span class='ocrx_word' id='word_1_46' title='bbox 195 1677 258 1738; x_wconf 89' lang='lat' dir='ltr'>hoc</span> <span class='ocrx_word' id='word_1_47' title='bbox 274 1683 354 1753; x_wconf 85' lang='lat' dir='ltr'>apta</span> <span class='ocrx_word' id='word_1_48' title='bbox 368 1675 466 1739; x_wconf 90' lang='lat' dir='ltr'>fidem</span> <span class='ocrx_word' id='word_1_49' title='bbox 483 1678 592 1754; x_wconf 87' lang='lat' dir='ltr'>ducat,</span> <span class='ocrx_word' id='word_1_50' title='bbox 609 1677 792 1754; x_wconf 89' lang='lat' dir='ltr'>primordia</span> <span class='ocrx_word' id='word_1_51' title='bbox 808 1698 929 1754; x_wconf 88' lang='lat' dir='ltr'>rerum,</span> 
     </span>
    </p>

    <p class='ocr_par' dir='ltr' id='par_1_6' title="bbox 140 1784 879 1864">
     <span class='ocr_line' id='line_1_10' title="bbox 140 1784 879 1864; baseline 0.007 -20"><span class='ocrx_word' id='word_1_52' title='bbox 140 1784 231 1847; x_wconf 89' lang='lat' dir='ltr'>inter</span> <span class='ocrx_word' id='word_1_53' title='bbox 246 1805 279 1848; x_wconf 92' lang='lat' dir='ltr'>se</span> <span class='ocrx_word' id='word_1_54' title='bbox 293 1785 393 1847; x_wconf 85' lang='lat' dir='ltr'>simili</span> <span class='ocrx_word' id='word_1_55' title='bbox 408 1806 491 1863; x_wconf 93' lang='lat' dir='ltr'>quae</span> <span class='ocrx_word' id='word_1_56' title='bbox 505 1794 584 1849; x_wconf 89' lang='lat' dir='ltr'>sunt</span> <span class='ocrx_word' id='word_1_57' title='bbox 598 1786 748 1864; x_wconf 83' lang='lat' dir='ltr'>perfecta</span> <span class='ocrx_word' id='word_1_58' title='bbox 762 1785 879 1864; x_wconf 90' lang='lat' dir='ltr'>figura,</span> 
     </span>
    </p>

    <p class='ocr_par' dir='ltr' id='par_1_7' title="bbox 140 1894 977 2085">
     <span class='ocr_line' id='line_1_11' title="bbox 140 1894 917 1971; baseline 0.005 -17"><span class='ocrx_word' id='word_1_59' title='bbox 140 1894 278 1957; x_wconf 85' lang='lat' dir='ltr'>infinita</span> <span class='ocrx_word' id='word_1_60' title='bbox 292 1895 410 1958; x_wconf 86' lang='lat' dir='ltr'>cluere.</span> <span class='ocrx_word' id='word_1_61' title='bbox 453 1895 590 1971; x_wconf 86' lang='lat' dir='ltr'>(etenim</span> <span class='ocrx_word' id='word_1_62' title='bbox 606 1895 766 1959; x_wconf 83' lang='lat' dir='ltr'>distantia</span> <span class='ocrx_word' id='word_1_63' title='bbox 783 1917 857 1958; x_wconf 90' lang='lat' dir='ltr'>cum</span> <span class='ocrx_word' id='word_1_64' title='bbox 873 1896 917 1958; x_wconf 83' lang='lat' dir='ltr'>sit</span> 
     </span>
     <span class='ocr_line' id='line_1_12' title="bbox 141 2001 977 2085; baseline 0.005 -20"><span class='ocrx_word' id='word_1_65' title='bbox 141 2001 329 2066; x_wconf 83' lang='lat' dir='ltr'>formarum</span> <span class='ocrx_word' id='word_1_66' title='bbox 343 2003 448 2081; x_wconf 86' lang='lat' dir='ltr'>finita,</span> <span class='ocrx_word' id='word_1_67' title='bbox 465 2025 592 2068; x_wconf 87' lang='lat' dir='ltr'>necesse</span> <span class='ocrx_word' id='word_1_68' title='bbox 609 2012 657 2068; x_wconf 88' lang='lat' dir='ltr'>est</span> <span class='ocrx_word' id='word_1_69' title='bbox 674 2025 757 2082; x_wconf 90' lang='lat' dir='ltr'>quae</span> <span class='ocrx_word' id='word_1_70' title='bbox 773 2005 894 2085; x_wconf 85' lang='lat' dir='ltr'>similes</span> <span class='ocrx_word' id='word_1_71' title='bbox 910 2005 977 2069; x_wconf 88' lang='lat' dir='ltr'>sint</span> 
     </span>
    </p>

    <p class='ocr_par' dir='ltr' id='par_1_8' title="bbox 141 2113 800 2177">
     <span class='ocr_line' id='line_1_13' title="bbox 141 2113 800 2177; baseline 0.002 -1"><span class='ocrx_word' id='word_1_72' title='bbox 141 2133 209 2176; x_wconf 88' lang='lat' dir='ltr'>esse</span> <span class='ocrx_word' id='word_1_73' title='bbox 227 2113 378 2176; x_wconf 88' lang='lat' dir='ltr'>infinitas</span> <span class='ocrx_word' id='word_1_74' title='bbox 395 2120 453 2177; x_wconf 90' lang='lat' dir='ltr'>aut</span> <span class='ocrx_word' id='word_1_75' title='bbox 471 2134 630 2177; x_wconf 90' lang='lat' dir='ltr'>summam</span> <span class='ocrx_word' id='word_1_76' title='bbox 648 2113 800 2177; x_wconf 88' lang='lat' dir='ltr'>materiai</span> 
     </span>
    </p>

    <p class='ocr_par' dir='ltr' id='par_1_9' title="bbox 140 2221 948 2411">
     <span class='ocr_line' id='line_1_14' title="bbox 140 2221 948 2302; baseline 0.001 -18"><span class='ocrx_word' id='word_1_77' title='bbox 140 2221 274 2286; x_wconf 86' lang='lat' dir='ltr'>finitam</span> <span class='ocrx_word' id='word_1_78' title='bbox 288 2230 447 2300; x_wconf 77' lang='lat' dir='ltr'>constare,</span> <span class='ocrx_word' id='word_1_79' title='bbox 463 2222 499 2285; x_wconf 92' lang='lat' dir='ltr'>id</span> <span class='ocrx_word' id='word_1_80' title='bbox 514 2225 602 2301; x_wconf 91' lang='lat' dir='ltr'>quod</span> <span class='ocrx_word' id='word_1_81' title='bbox 616 2244 683 2286; x_wconf 91' lang='lat' dir='ltr'>non</span> <span class='ocrx_word' id='word_1_82' title='bbox 698 2244 765 2286; x_wconf 87' lang='lat' dir='ltr'>esse</span> <span class='ocrx_word' id='word_1_83' title='bbox 781 2224 948 2302; x_wconf 91' lang='lat' dir='ltr'>probaui.)</span> 
     </span>
     <span class='ocr_line' id='line_1_15' title="bbox 141 2332 859 2411; baseline 0.003 -19"><span class='ocrx_word' id='word_1_84' title='bbox 141 2332 293 2395; x_wconf 87' lang='lat' dir='ltr'>versibus</span> <span class='ocrx_word' id='word_1_85' title='bbox 309 2333 479 2395; x_wconf 90' lang='lat' dir='ltr'>ostendam</span> <span class='ocrx_word' id='word_1_86' title='bbox 495 2334 690 2411; x_wconf 87' lang='lat' dir='ltr'>corpuscula</span> <span class='ocrx_word' id='word_1_87' title='bbox 707 2332 859 2396; x_wconf 89' lang='lat' dir='ltr'>materiai</span> 
     </span>
    </p>

    <p class='ocr_par' dir='ltr' id='par_1_10' title="bbox 142 2440 892 2519">
     <span class='ocr_line' id='line_1_16' title="bbox 142 2440 892 2519; baseline 0.003 -17"><span class='ocrx_word' id='word_1_88' title='bbox 142 2461 182 2503; x_wconf 85' lang='lat' dir='ltr'>ex</span> <span class='ocrx_word' id='word_1_89' title='bbox 197 2440 333 2504; x_wconf 91' lang='lat' dir='ltr'>infinito</span> <span class='ocrx_word' id='word_1_90' title='bbox 347 2462 506 2504; x_wconf 90' lang='lat' dir='ltr'>summam</span> <span class='ocrx_word' id='word_1_91' title='bbox 523 2463 635 2505; x_wconf 89' lang='lat' dir='ltr'>rerum</span> <span class='ocrx_word' id='word_1_92' title='bbox 651 2462 754 2519; x_wconf 89' lang='lat' dir='ltr'>usque</span> <span class='ocrx_word' id='word_1_93' title='bbox 771 2448 892 2519; x_wconf 90' lang='lat' dir='ltr'>tenere,</span> 
     </span>
    </p>

    <p class='ocr_par' dir='ltr' id='par_1_11' title="bbox 141 2539 845 2629">
     <span class='ocr_line' id='line_1_17' title="bbox 141 2539 845 2629; baseline 0.003 -17"><span class='ocrx_word' id='word_1_94' title='bbox 141 2551 292 2628; x_wconf 89' lang='lat' dir='ltr'>undique</span> <span class='ocrx_word' id='word_1_95' title='bbox 308 2552 437 2628; x_wconf 88' lang='lat' dir='ltr'>protelo</span> <span class='ocrx_word' id='word_1_96' title='bbox 451 2539 626 2629; x_wconf 80' lang='lat' dir='ltr'>plagarum</span> <span class='ocrx_word' id='word_1_97' title='bbox 642 2551 845 2614; x_wconf 91' lang='lat' dir='ltr'>continuato.</span> 
     </span>
    </p>

    <p class='ocr_par' dir='ltr' id='par_1_12' title="bbox 142 2660 1082 2848">
     <span class='ocr_line' id='line_1_18' title="bbox 142 2660 1082 2739; baseline 0.002 -18"><span class='ocrx_word' id='word_1_98' title='bbox 142 2679 220 2723; x_wconf 82' lang='lat' dir='ltr'>uam</span> <span class='ocrx_word' id='word_1_99' title='bbox 236 2660 324 2737; x_wconf 96' lang='lat' dir='ltr'>quod</span> <span class='ocrx_word' id='word_1_100' title='bbox 339 2681 417 2724; x_wconf 89' lang='lat' dir='ltr'>rara</span> <span class='ocrx_word' id='word_1_101' title='bbox 430 2660 524 2723; x_wconf 90' lang='lat' dir='ltr'>uides</span> <span class='ocrx_word' id='word_1_102' title='bbox 537 2660 642 2738; x_wconf 89' lang='lat' dir='ltr'>magis</span> <span class='ocrx_word' id='word_1_103' title='bbox 658 2681 724 2722; x_wconf 90' lang='lat' dir='ltr'>esse</span> <span class='ocrx_word' id='word_1_104' title='bbox 740 2661 896 2724; x_wconf 89' lang='lat' dir='ltr'>animalia</span> <span class='ocrx_word' id='word_1_105' title='bbox 912 2663 1082 2739; x_wconf 84' lang='lat' dir='ltr'>quaedam,</span> 
     </span>
     <span class='ocr_line' id='line_1_19' title="bbox 143 2768 949 2848; baseline 0.005 -19"><span class='ocrx_word' id='word_1_106' title='bbox 143 2768 387 2846; x_wconf 85' lang='lat' dir='ltr'>fecundamque</span> <span class='ocrx_word' id='word_1_107' title='bbox 403 2769 508 2847; x_wconf 91' lang='lat' dir='ltr'>magis</span> <span class='ocrx_word' id='word_1_108' title='bbox 524 2775 679 2832; x_wconf 89' lang='lat' dir='ltr'>naturam</span> <span class='ocrx_word' id='word_1_109' title='bbox 697 2770 804 2833; x_wconf 92' lang='lat' dir='ltr'>cernis</span> <span class='ocrx_word' id='word_1_110' title='bbox 820 2770 855 2831; x_wconf 94' lang='lat' dir='ltr'>in</span> <span class='ocrx_word' id='word_1_111' title='bbox 873 2770 949 2848; x_wconf 92' lang='lat' dir='ltr'>illis,</span> 
     </span>
    </p>

    <p class='ocr_par' dir='ltr' id='par_1_13' title="bbox 143 2877 887 2956">
     <span class='ocr_line' id='line_1_20' title="bbox 143 2877 887 2956; baseline 0.003 -16"><span class='ocrx_word' id='word_1_112' title='bbox 143 2884 178 2940; x_wconf 94' lang='lat' dir='ltr'>at</span> <span class='ocrx_word' id='word_1_113' title='bbox 194 2877 328 2956; x_wconf 82' lang='lat' dir='ltr'>regione</span> <span class='ocrx_word' id='word_1_114' title='bbox 344 2879 476 2956; x_wconf 88' lang='lat' dir='ltr'>locoque</span> <span class='ocrx_word' id='word_1_115' title='bbox 494 2879 560 2941; x_wconf 94' lang='lat' dir='ltr'>alio</span> <span class='ocrx_word' id='word_1_116' title='bbox 574 2879 737 2956; x_wconf 87' lang='lat' dir='ltr'>terrisque</span> <span class='ocrx_word' id='word_1_117' title='bbox 754 2880 887 2942; x_wconf 90' lang='lat' dir='ltr'>remotis</span> 
     </span>
    </p>

    <p class='ocr_par' dir='ltr' id='par_1_14' title="bbox 130 2987 1066 3175">
     <span class='ocr_line' id='line_1_21' title="bbox 144 2987 1066 3068; baseline 0.005 -20"><span class='ocrx_word' id='word_1_118' title='bbox 144 2989 250 3051; x_wconf 87' lang='lat' dir='ltr'>multa</span> <span class='ocrx_word' id='word_1_119' title='bbox 266 2987 342 3051; x_wconf 87' lang='lat' dir='ltr'>licet</span> <span class='ocrx_word' id='word_1_120' title='bbox 359 3008 476 3065; x_wconf 86' lang='lat' dir='ltr'>genere</span> <span class='ocrx_word' id='word_1_121' title='bbox 492 3008 559 3052; x_wconf 89' lang='lat' dir='ltr'>esse</span> <span class='ocrx_word' id='word_1_122' title='bbox 575 2988 611 3049; x_wconf 96' lang='lat' dir='ltr'>in</span> <span class='ocrx_word' id='word_1_123' title='bbox 628 3009 666 3052; x_wconf 93' lang='lat' dir='ltr'>eo</span> <span class='ocrx_word' id='word_1_124' title='bbox 679 3009 918 3066; x_wconf 89' lang='lat' dir='ltr'>numerumque</span> <span class='ocrx_word' id='word_1_125' title='bbox 935 2990 1066 3068; x_wconf 85' lang='lat' dir='ltr'>repleri.</span> 
     </span>
     <span class='ocr_line' id='line_1_22' title="bbox 130 3096 977 3175; baseline 0.005 -18"><span class='ocrx_word' id='word_1_126' title='bbox 130 3096 245 3171; x_wconf 88' lang='lat' dir='ltr'>(sicuti</span> <span class='ocrx_word' id='word_1_127' title='bbox 261 3097 504 3175; x_wconf 87' lang='lat' dir='ltr'>quadripedum</span> <span class='ocrx_word' id='word_1_128' title='bbox 520 3118 594 3160; x_wconf 91' lang='lat' dir='ltr'>cum</span> <span class='ocrx_word' id='word_1_129' title='bbox 611 3098 728 3175; x_wconf 90' lang='lat' dir='ltr'>primis</span> <span class='ocrx_word' id='word_1_130' title='bbox 744 3118 810 3160; x_wconf 87' lang='lat' dir='ltr'>esse</span> <span class='ocrx_word' id='word_1_131' title='bbox 826 3099 977 3161; x_wconf 88' lang='lat' dir='ltr'>uidemus</span> 
     </span>
    </p>

    <p class='ocr_par' dir='ltr' id='par_1_15' title="bbox 144 3205 1044 3392">
     <span class='ocr_line' id='line_1_23' title="bbox 144 3205 1044 3285; baseline 0.004 -19"><span class='ocrx_word' id='word_1_132' title='bbox 144 3205 179 3267; x_wconf 92' lang='lat' dir='ltr'>in</span> <span class='ocrx_word' id='word_1_133' title='bbox 196 3227 315 3285; x_wconf 89' lang='lat' dir='ltr'>genere</span> <span class='ocrx_word' id='word_1_134' title='bbox 332 3206 552 3284; x_wconf 84' lang='lat' dir='ltr'>anguimanus</span> <span class='ocrx_word' id='word_1_135' title='bbox 569 3208 770 3285; x_wconf 86' lang='lat' dir='ltr'>elephantos,</span> <span class='ocrx_word' id='word_1_136' title='bbox 788 3208 887 3270; x_wconf 88' lang='lat' dir='ltr'>India</span> <span class='ocrx_word' id='word_1_137' title='bbox 904 3228 1044 3285; x_wconf 88' lang='lat' dir='ltr'>quorum</span> 
     </span>
     <span class='ocr_line' id='line_1_24' title="bbox 144 3316 871 3392; baseline 0.004 -16"><span class='ocrx_word' id='word_1_138' title='bbox 144 3316 278 3379; x_wconf 91' lang='lat' dir='ltr'>milibus</span> <span class='ocrx_word' id='word_1_139' title='bbox 296 3338 312 3379; x_wconf 92' lang='lat' dir='ltr'>e</span> <span class='ocrx_word' id='word_1_140' title='bbox 330 3316 444 3378; x_wconf 90' lang='lat' dir='ltr'>multis</span> <span class='ocrx_word' id='word_1_141' title='bbox 461 3317 551 3379; x_wconf 90' lang='lat' dir='ltr'>uallo</span> <span class='ocrx_word' id='word_1_142' title='bbox 567 3316 718 3379; x_wconf 89' lang='lat' dir='ltr'>munitur</span> <span class='ocrx_word' id='word_1_143' title='bbox 737 3318 871 3392; x_wconf 89' lang='lat' dir='ltr'>eburno,</span> 
     </span>
    </p>

    <p class='ocr_par' dir='ltr' id='par_1_16' title="bbox 144 3425 965 3504">
     <span class='ocr_line' id='line_1_25' title="bbox 144 3425 965 3504; baseline 0 -17"><span class='ocrx_word' id='word_1_144' title='bbox 144 3432 182 3488; x_wconf 92' lang='lat' dir='ltr'>ut</span> <span class='ocrx_word' id='word_1_145' title='bbox 197 3425 332 3504; x_wconf 88' lang='lat' dir='ltr'>penitus</span> <span class='ocrx_word' id='word_1_146' title='bbox 346 3432 487 3503; x_wconf 88' lang='lat' dir='ltr'>nequeat</span> <span class='ocrx_word' id='word_1_147' title='bbox 502 3425 688 3504; x_wconf 88' lang='lat' dir='ltr'>penetrari:</span> <span class='ocrx_word' id='word_1_148' title='bbox 705 3431 800 3488; x_wconf 89' lang='lat' dir='ltr'>tanta</span> <span class='ocrx_word' id='word_1_149' title='bbox 816 3425 965 3488; x_wconf 83' lang='lat' dir='ltr'>ferarum</span> 
     </span>
    </p>

    <p class='ocr_par' dir='ltr' id='par_1_17' title="bbox 144 3534 1083 3832">
     <span class='ocr_line' id='line_1_26' title="bbox 144 3534 1043 3613; baseline 0 -15"><span class='ocrx_word' id='word_1_150' title='bbox 144 3534 197 3598; x_wconf 93' lang='lat' dir='ltr'>uis</span> <span class='ocrx_word' id='word_1_151' title='bbox 212 3542 269 3612; x_wconf 89' lang='lat' dir='ltr'>est,</span> <span class='ocrx_word' id='word_1_152' title='bbox 286 3555 427 3613; x_wconf 87' lang='lat' dir='ltr'>quarum</span> <span class='ocrx_word' id='word_1_153' title='bbox 442 3555 501 3597; x_wconf 91' lang='lat' dir='ltr'>nos</span> <span class='ocrx_word' id='word_1_154' title='bbox 517 3555 684 3613; x_wconf 87' lang='lat' dir='ltr'>perpauca</span> <span class='ocrx_word' id='word_1_155' title='bbox 701 3535 851 3612; x_wconf 85' lang='lat' dir='ltr'>exempla</span> <span class='ocrx_word' id='word_1_156' title='bbox 865 3535 1043 3611; x_wconf 81' lang='lat' dir='ltr'>uidemus.)</span> 
     </span>
     <span class='ocr_line' id='line_1_27' title="bbox 145 3644 1083 3722; baseline 0.002 -16"><span class='ocrx_word' id='word_1_157' title='bbox 145 3647 201 3708; x_wconf 82' lang='lat' dir='ltr'>sed</span> <span class='ocrx_word' id='word_1_158' title='bbox 216 3653 327 3717; x_wconf 84' lang='lat' dir='ltr'>tamen</span> <span class='ocrx_word' id='word_1_159' title='bbox 342 3645 378 3707; x_wconf 93' lang='lat' dir='ltr'>id</span> <span class='ocrx_word' id='word_1_160' title='bbox 393 3664 522 3722; x_wconf 90' lang='lat' dir='ltr'>quoque</span> <span class='ocrx_word' id='word_1_161' title='bbox 537 3644 588 3707; x_wconf 89' lang='lat' dir='ltr'>uti</span> <span class='ocrx_word' id='word_1_162' title='bbox 605 3646 789 3721; x_wconf 79' lang='lat' dir='ltr'>concedam,</span> <span class='ocrx_word' id='word_1_163' title='bbox 807 3645 997 3721; x_wconf 90' lang='lat' dir='ltr'>quamlubet</span> <span class='ocrx_word' id='word_1_164' title='bbox 1014 3653 1083 3708; x_wconf 87' lang='lat' dir='ltr'>esto</span> 
     </span>
     <span class='ocr_line' id='line_1_28' title="bbox 144 3754 852 3832; baseline 0 -15"><span class='ocrx_word' id='word_1_165' title='bbox 144 3755 243 3819; x_wconf 88' lang='lat' dir='ltr'>unica</span> <span class='ocrx_word' id='word_1_166' title='bbox 256 3775 308 3819; x_wconf 86' lang='lat' dir='ltr'>res</span> <span class='ocrx_word' id='word_1_167' title='bbox 322 3755 483 3832; x_wconf 86' lang='lat' dir='ltr'>quaedam</span> <span class='ocrx_word' id='word_1_168' title='bbox 496 3754 611 3817; x_wconf 90' lang='lat' dir='ltr'>natiuo</span> <span class='ocrx_word' id='word_1_169' title='bbox 625 3774 761 3832; x_wconf 88' lang='lat' dir='ltr'>corpore</span> <span class='ocrx_word' id='word_1_170' title='bbox 775 3755 852 3831; x_wconf 89' lang='lat' dir='ltr'>sola,</span> 
     </span>
    </p>

    <p class='ocr_par' dir='ltr' id='par_1_18' title="bbox 148 3863 1066 3940">
     <span class='ocr_line' id='line_1_29' title="bbox 148 3863 1066 3940; baseline -0.004 -12"><span class='ocrx_word' id='word_1_171' title='bbox 148 3865 201 3928; x_wconf 93' lang='lat' dir='ltr'>cui</span> <span class='ocrx_word' id='word_1_172' title='bbox 214 3864 332 3928; x_wconf 90' lang='lat' dir='ltr'>similis</span> <span class='ocrx_word' id='word_1_173' title='bbox 346 3870 418 3926; x_wconf 92' lang='lat' dir='ltr'>toto</span> <span class='ocrx_word' id='word_1_174' title='bbox 431 3870 598 3927; x_wconf 87' lang='lat' dir='ltr'>terrarum</span> <span class='ocrx_word' id='word_1_175' title='bbox 620 3873 760 3935; x_wconf 91' lang='lat' dir='ltr'>&lt;non&gt;</span> <span class='ocrx_word' id='word_1_176' title='bbox 781 3864 824 3927; x_wconf 86' lang='lat' dir='ltr'>sit</span> <span class='ocrx_word' id='word_1_177' title='bbox 846 3863 956 3936; x_wconf 92' lang='lat' dir='ltr'>&lt;in&gt;</span> <span class='ocrx_word' id='word_1_178' title='bbox 978 3863 1066 3940; x_wconf 91' lang='lat' dir='ltr'>orbi;</span> 
     </span>
    </p>
   </div>
   <div class='ocr_carea' id='block_1_5' title="bbox 157 3993 458 4192">
    <p class='ocr_par' dir='ltr' id='par_1_19' title="bbox 157 3993 458 4192">
     <span class='ocr_line' id='line_1_30' title="bbox 157 3993 458 4056; baseline 0.01 -16"><span class='ocrx_word' id='word_1_179' title='bbox 157 3993 206 4042; x_wconf 86' lang='lat'>529</span> <span class='ocrx_word' id='word_1_180' title='bbox 215 3995 288 4056; x_wconf 75' lang='lat' dir='ltr'>vulp.</span> <span class='ocrx_word' id='word_1_181' title='bbox 305 3995 458 4045; x_wconf 88' lang='lat' dir='ltr'>ostendens</span> 
     </span>
     <span class='ocr_line' id='line_1_31' title="bbox 157 4061 393 4124; baseline 0.008 -14"><span class='ocrx_word' id='word_1_182' title='bbox 157 4062 205 4111; x_wconf 88' lang='lat'>533</span> <span class='ocrx_word' id='word_1_183' title='bbox 215 4063 287 4124; x_wconf 79' lang='lat' dir='ltr'>vulp.</span> <span class='ocrx_word' id='word_1_184' title='bbox 302 4061 393 4112; x_wconf 85' lang='lat' dir='ltr'>minus</span> 
     </span>
     <span class='ocr_line' id='line_1_32' title="bbox 157 4128 375 4192; baseline 0.009 -14"><span class='ocrx_word' id='word_1_185' title='bbox 157 4128 205 4179; x_wconf 85' lang='grc'>536</span> <span class='ocrx_word' id='word_1_186' title='bbox 214 4131 288 4192; x_wconf 73' lang='lat' dir='ltr'>vulp.</span> <span class='ocrx_word' id='word_1_187' title='bbox 304 4129 375 4180; x_wconf 88' lang='lat' dir='ltr'>sicut</span> 
     </span>
    </p>
   </div>
   <div class='ocr_carea' id='block_1_6' title="bbox 0 0 1635 4684">
    <p class='ocr_par' dir='ltr' id='par_1_20' title="bbox 0 0 1635 4684">
     <span class='ocr_line' id='line_1_33' title="bbox 0 0 1635 4684; baseline 0 0"><span class='ocrx_word' id='word_1_188' title='bbox 0 0 1635 4684; x_wconf 95' lang='lat' dir='ltr'> </span> 
     </span>
    </p>
   </div>
  </div>
 </body>
</html>
