3234 4684
499 472 550 520 DE
568 472 701 521 RERVM
718 471 872 520 NATVRA
893 471 910 520 1

186 707 272 764 quae
290 687 436 765 spatium
454 689 552 765 pleno
570 687 696 766 possint
714 687 918 764 distinguere
935 687 1043 749 inane.

186 800 268 860 haec
283 818 387 874 neque
404 797 540 860 dissolui
557 797 664 875 plagis
680 797 883 860 extrinsecus
899 796 964 859 icta

187 914 326 985 possunt
342 928 401 969 nec
417 927 517 984 porro
533 907 666 985 penitus
680 913 855 984 penetrata
871 905 976 968 retexi

188 1037 249 1079 nec
264 1017 392 1079 ratione
409 1023 535 1093 queunt
552 1016 618 1079 alia
634 1023 798 1093 temptata
813 1017 941 1091 labare;

188 1127 224 1188 id
241 1127 328 1203 quod
344 1127 409 1189 iam
425 1147 529 1204 supra
543 1126 606 1188 tibi
621 1127 722 1203 paulo
739 1125 940 1188 ostendimus
956 1131 1042 1188 ante.

171 1237 267 1312 (nam
283 1257 388 1313 neque
405 1236 527 1298 conlidi
544 1236 613 1298 sine
629 1235 722 1297 inani
740 1255 832 1313 posse
848 1235 984 1297 uidetur

189 1345 365 1423 quicquam
381 1366 439 1407 nec
456 1345 570 1422 frangi
586 1365 645 1407 nec
660 1345 742 1406 findi
759 1345 794 1405 in
810 1344 888 1407 bina
904 1344 1044 1406 secando

188 1476 249 1518 nec
265 1476 381 1533 capere
397 1474 543 1517 umorem
559 1475 664 1532 neque
681 1454 759 1516 item
774 1454 938 1516 manabile
955 1453 1064 1530 frigus

188 1586 248 1627 nec
265 1566 467 1642 penetralem
485 1565 603 1641 ignem,
621 1563 741 1640 quibus
758 1564 867 1626 omnia
883 1562 1129 1639 conficiuntur.)

190 1682 222 1738 et
238 1694 303 1752 quo
318 1695 466 1752 quaeque
482 1666 586 1750 magis
603 1674 730 1736 cohibet
746 1693 797 1736 res
813 1673 904 1734 intus
920 1663 1027 1748 inane,

188 1791 258 1847 tam
274 1784 378 1860 magis
393 1784 445 1845 his
461 1785 559 1845 rebus
575 1783 708 1861 penitus
725 1790 887 1859 temptata
904 1782 1051 1845 labascit.

138 1914 267 1971 -ergo
282 1893 310 1955 si
326 1894 430 1956 solida
446 1914 483 1956 ae
499 1893 569 1956 sine
584 1892 676 1954 inani
693 1912 832 1969 corpora
847 1892 956 1969 prima

189 2010 272 2065 sunt
284 2003 331 2066 ita
347 2003 399 2065 uti
415 2003 521 2079 docui,
538 2002 605 2064 sint
620 2003 699 2064 haec
716 2008 851 2064 aeterna
865 2008 1034 2063 necessest.

208 2113 430 2176 —Praeterea
446 2112 510 2173 nisi
529 2112 681 2174 materies
700 2118 835 2174 aeterna
852 2110 979 2186 fuisset,

189 2223 334 2309 antehae
345 2223 388 2285 ad
403 2222 545 2284 nihilum
560 2222 695 2299 penitus
711 2241 762 2283 res
780 2240 927 2298 quaeque
944 2221 1106 2283 redissent

189 2333 229 2395 de
244 2332 412 2409 nihiloque
428 2339 545 2394 renata
560 2332 671 2394 forent
687 2352 910 2408 quaecumque
925 2330 1085 2393 uidemus.

188 2449 224 2504 at
239 2441 394 2519 quoniam
408 2462 512 2519 supra
527 2441 623 2503 docui
638 2442 687 2502 nil
702 2461 794 2518 posse
811 2441 916 2503 creari

190 2552 229 2615 de
245 2552 349 2613 nihilo
364 2572 470 2628 neque
487 2552 573 2627 quod
591 2552 739 2628 genitum
755 2557 804 2613 est
820 2552 862 2613 ad
878 2550 927 2611 nil
943 2550 1101 2626 reuocari,

189 2681 256 2725 esse
273 2661 442 2723 inmortali
459 2661 643 2739 primordia
658 2680 793 2738 corpore
810 2661 938 2736 debent,

190 2770 327 2833 dissolui
344 2790 409 2847 quo
425 2791 572 2847 quaeque
591 2790 745 2847 supremo
760 2778 907 2847 tempore
925 2769 1061 2847 possint,

188 2880 342 2942 materies
357 2888 395 2942 ut
411 2880 599 2957 subpeditet
615 2881 713 2941 rebus
729 2878 933 2957 reparandis.

145 2996 268 3052 —sunt
284 2990 388 3067 igitur
404 2990 511 3052 solida
526 2989 709 3067 primordia
726 2989 938 3066 simplicitate

189 3119 248 3162 nec
264 3099 391 3162 ratione
408 3106 535 3176 queunt
550 3099 617 3162 alia
631 3105 764 3161 seruata
779 3119 838 3175 per
854 3119 967 3161 aeuom

191 3231 229 3272 ex
244 3209 376 3271 infinito
391 3209 457 3271 iam
472 3216 619 3286 tempore
635 3229 686 3271 res
702 3228 868 3285 reparare.

379 3314 529 3365 CONTRA
548 3315 610 3364 ΕΙΣ
632 3314 804 3364 ΑΠΕΙΡΟΝ
824 3315 905 3363 ΤΗΝ
925 3313 1063 3363 ΤΟΜΗΝ

147 3404 331 3481 —denique
350 3404 377 3465 si
394 3405 521 3466 nullam
537 3403 635 3464 finem
652 3411 774 3466 natura
792 3410 941 3481 parasset

191 3513 386 3590 frangendis
403 3515 510 3589 rebus
528 3513 593 3575 iam
611 3534 749 3590 corpora
768 3512 919 3575 materiai

189 3644 292 3700 usque
307 3625 442 3686 redacta
459 3623 570 3685 forent
586 3644 666 3686 aeuo
684 3623 860 3699 frangente
877 3623 997 3700 priore,

190 3740 228 3795 ut
243 3733 328 3794 nihil
344 3753 383 3794 ex
400 3732 465 3794 illis
482 3754 501 3795 a
518 3740 606 3795 certo
622 3741 769 3810 tempore
786 3739 893 3809 posset

191 3850 385 3920 conceptum
400 3863 563 3904 summum
579 3842 697 3905 aetatis
714 3842 896 3920 peruadere
913 3841 1020 3903 finem.

191 3971 266 4014 cam
282 3952 417 4029 quiduis
432 3951 531 4014 citius
545 3952 681 4013 dissolui
697 3971 789 4030 posse
805 3950 956 4012 uidemus

202 4084 252 4133 555
261 4084 327 4134 finis
361 4084 434 4144 vulp.
454 4081 554 4141 <ad>
573 4098 705 4133 summum

694 4236 751 4288 [19]
