3234 4684
501 421 552 470 DE
570 420 702 469 RERVM
719 419 873 469 NATVRA
894 420 910 469 1

173 637 333 700 disserere
348 637 505 715 incipiam
520 643 553 700 et
567 657 678 700 rerum
692 635 877 714 primordia
890 636 1044 713 pandam,
1109 684 1112 687 a

173 748 264 810 unde
281 746 385 808 omnis
402 754 524 809 natura
541 752 628 810 creet
645 766 697 808 res
715 751 825 808 auctet
843 745 984 822 alatque,

175 875 282 934 quoue
299 857 411 919 eadem
427 876 560 919 rursum
575 863 699 918 natura
714 861 888 933 perempta
900 854 1055 931 resoluat,

175 986 260 1043 quae
275 986 333 1027 nos
347 966 517 1028 materiem
532 972 564 1028 et
580 964 740 1042 genitalia
754 983 893 1041 corpora
908 966 1007 1028 rebus

175 1075 351 1138 reddunda
369 1074 549 1138 iuratione
567 1094 686 1137 uocare
705 1081 737 1137 et
755 1074 879 1137 semina
896 1094 1008 1136 rerum

176 1185 344 1262 appellare
360 1204 490 1247 suemus
506 1185 632 1246 ethaeo
648 1185 761 1246 eadam
775 1204 939 1262 usurpare

176 1314 315 1371 corpora
329 1294 446 1372 prima,
463 1295 550 1371 quod
565 1313 605 1355 ex
620 1293 687 1355 illis
701 1299 780 1355 sunt
796 1293 905 1356 omnia
921 1292 1046 1370 primia.

528 1652 627 1702 LAVS
648 1651 884 1702 INVENTORIS

240 1741 397 1804 Humana
413 1748 490 1805 ante
506 1743 615 1804 oeulos
631 1741 726 1805 foede
743 1727 817 1803 eum
832 1741 904 1804 uita
921 1740 1041 1803 iaceret

176 1850 213 1911 in
228 1850 326 1913 terris
340 1871 497 1928 oppressa
513 1851 609 1929 graui
625 1853 685 1913 sub
700 1851 859 1928 religione

176 1980 261 2036 quaa
276 1967 378 2037 eaput
394 1982 413 2023 a
429 1960 510 2023 caeli
526 1960 715 2037 regionibus
730 1961 922 2022 ostendebat

175 2069 329 2131 horribili
345 2090 445 2147 super
459 2077 596 2147 'aspectu
611 2070 807 2132 mortalibus
822 2070 959 2145 instans,

176 2178 323 2256 primum
341 2179 461 2242 Graius
476 2181 572 2242 homo
588 2178 737 2243 mortalis
753 2181 867 2242 tollere
885 2185 1001 2242 eontra

177 2294 227 2351 est
243 2289 351 2350 oeulos
366 2309 465 2351 ausus
481 2289 672 2366 primusque
689 2289 844 2352 obsistere
860 2295 984 2365 eontra,

177 2417 274 2475 quem
289 2418 393 2474 neque
409 2398 500 2460 fama
514 2399 611 2461 deum
626 2419 686 2460 neo
701 2397 844 2461 fulmina
858 2419 918 2460 neo
932 2397 1102 2460 minitanti

177 2527 347 2571 murmure
363 2508 554 2585 compressit
571 2509 706 2584 eaelum,
723 2508 780 2569 sed
797 2528 835 2571 eo
850 2507 954 2585 magis
971 2527 1078 2571 aorem

177 2616 297 2680 inritat
312 2617 414 2679 animi
428 2617 598 2693 uirtutem,
616 2617 790 2695 effringere
805 2624 844 2680 ut
860 2624 934 2680 arta

178 2734 319 2789 naturae
336 2727 464 2804 primus
480 2734 654 2805 portarum
671 2728 816 2790 claustra
832 2726 971 2804 oupirat.

132 2855 259 2912 -ergo
272 2835 389 2899 uiuida
404 2836 457 2898 uis
472 2835 574 2900 animi
591 2836 743 2914 peruicit,
761 2844 792 2898 et
809 2842 902 2899 extra

178 2945 337 3022 prooessit
352 2946 447 3023 longe
463 2946 668 3009 flammantia
683 2946 811 3008 moenia
827 2944 944 3007 mundi

178 3060 278 3130 atqua
294 3074 387 3118 omne
403 3055 597 3118 immensum
614 3055 807 3132 paragrauit
823 3061 932 3117 mente
949 3054 1131 3131 animoque,

177 3164 267 3226 unde
283 3164 388 3227 refert
402 3164 497 3226 nobis
510 3164 618 3227 uiator
635 3163 715 3240 quid
731 3163 834 3241 possit
850 3163 940 3241 oriri,

179 3273 261 3350 quid
277 3280 427 3350 nequeat,
446 3273 542 3337 finita
559 3279 704 3351 potestas
721 3272 862 3349 denique
880 3273 998 3351 cuique

179 3402 323 3459 quanam
340 3383 383 3445 sit
400 3383 527 3446 ratione
546 3390 644 3460 atque
662 3383 727 3445 alte
745 3382 907 3444 terminus
922 3383 1070 3445 haerens.

131 3512 281 3569 —quare
297 3492 414 3569 religio
431 3492 570 3569 pedibus
587 3491 734 3554 subiecta
750 3491 896 3554 uicissim

179 3601 354 3679 opteritur,
371 3621 432 3664 nos
447 3608 606 3678 exaequat
622 3600 763 3663 uictoria
781 3601 878 3662 eaelo.

243 3879 333 3941 Illud
348 3879 383 3940 in
397 3880 449 3942 his
464 3882 562 3943 rebus
575 3900 701 3956 uereor,
717 3900 758 3940 ne
774 3879 861 3941 forte
877 3878 980 3942 rearis

180 3988 273 4065 inpia
289 3995 322 4052 te
338 3988 476 4052 rationis
492 3989 577 4052 inire
593 3991 754 4052 elementa
768 3988 922 4065 uiamque

192 4121 224 4169 71
243 4123 359 4184 cuperet
698 4195 707 4248 [
730 4196 738 4247 ]

711 4199 724 4238 3
771 4222 773 4227 ,
