3234 4686
648 475 699 524 DE
717 475 848 525 RERVM
867 475 1021 525 NATVBA
1045 475 1068 523 V

345 694 444 764 atque
461 687 659 767 intempesta
675 690 833 752 cedebant
850 697 944 753 nocte
961 696 1120 767 pauentes

345 796 531 875 hospitibus
548 798 656 861 saeuis
673 799 817 862 instrata
833 799 955 862 cubilia
972 799 1102 862 fronde.

408 907 475 969 Nec
490 907 594 969 nimio
608 914 680 970 tum
695 909 772 986 plus
788 929 886 986 quam
902 929 991 971 nunc
1007 908 1161 971 mortalia
1176 909 1283 971 saecla

345 1016 456 1080 dulcia
470 1016 665 1094 linquebant
680 1017 833 1081 lamentis
848 1017 976 1081 lumina
990 1017 1090 1080 uitae.

345 1145 434 1188 unus
448 1126 534 1189 enim
549 1133 621 1188 tum
636 1126 773 1204 quisque
788 1126 893 1205 magis
909 1128 1090 1205 deprensus
1105 1130 1218 1189 eorum

345 1235 469 1313 pabula
486 1235 568 1299 uiua
585 1234 667 1300 feris
685 1238 873 1314 praebebat,
892 1236 1048 1300 dentibus
1065 1237 1216 1312 haustus

346 1351 378 1406 et
395 1365 529 1408 nemora
545 1365 583 1408 ac
599 1345 720 1408 montis
736 1346 861 1423 gemitu
877 1345 1043 1423 siluasque
1060 1345 1209 1422 replebat

345 1454 427 1517 uiua
441 1454 560 1517 uidens
575 1454 655 1517 uiuo
669 1455 803 1532 sepeliri
820 1454 948 1518 uiscera
963 1456 1068 1517 busto.

346 1570 381 1626 ct
398 1583 478 1640 quos
494 1563 654 1641 effugium
670 1571 821 1627 seruarat
837 1583 972 1642 corpore
989 1565 1095 1641 ades0‚
1154 1538 1160 1550 ’

346 1673 510 1750 posterius
525 1674 684 1736 tremulas
699 1693 799 1751 super
813 1675 925 1736 ulcera
940 1680 1028 1736 tetra
1041 1680 1192 1736 tenentes

346 1783 474 1859 palmas
489 1782 666 1844 horriferis
680 1782 831 1846 accibant
846 1782 982 1845 uocibus
999 1783 1131 1859 Orcum,

347 1891 490 1968 donique
507 1911 559 1955 eos
574 1892 647 1955 uita
662 1892 840 1970 priuarant
856 1892 1007 1955 uermina
1022 1912 1122 1955 saeua

347 2001 492 2078 expertis
507 2001 588 2079 opis,
604 2001 737 2079 ignaros
753 2001 834 2078 quid
850 2003 988 2064 uolnera
1003 2002 1136 2065 uellent.

347 2117 382 2172 ot
397 2130 463 2172 non
477 2111 583 2174 multa
597 2111 710 2174 uirum
724 2113 784 2173 sub
800 2111 903 2188 signis
917 2111 1010 2174 milia
1024 2111 1125 2174 ducta

347 2240 416 2282 una
431 2219 500 2282 dies
516 2221 616 2283 dabat
632 2220 733 2283 exitio
746 2239 806 2282 neo
821 2220 957 2283 turbida
972 2220 1067 2299 ponti

348 2349 491 2406 aequora
506 2329 654 2393 lidebant
669 2329 768 2392 nauis
782 2331 825 2393 ad
841 2350 920 2393 saxa
936 2330 1100 2406 uirosque.

347 2459 406 2501 nec
421 2446 541 2503 temere
557 2439 592 2500 in
606 2459 734 2502 cassum
749 2438 879 2502 frustra
893 2460 983 2502 mare
999 2459 1095 2517 saepe
1111 2445 1259 2501 coortum

347 2548 496 2611 saeuibat
513 2548 696 2626 leuiterque
713 2549 820 2611 minas
838 2551 981 2628 ponebat
1000 2548 1118 2624 inanis,

347 2677 407 2719 neo
423 2664 554 2735 poterat
572 2678 768 2736 quemquam
786 2658 910 2737 placidi
926 2658 1066 2735 pellacia
1082 2657 1177 2735 ponti

347 2768 485 2830 subdola
503 2768 656 2846 pellicere
675 2768 710 2828 in
730 2768 883 2830 fraudem
902 2767 1089 2830 ridentibus
1107 2767 1215 2830 undis,

348 2876 498 2954 improba
514 2877 642 2954 nauigii
659 2877 746 2940 ratio
762 2885 834 2940 tum
851 2897 946 2940 caeca
963 2877 1099 2939 iacebat.

348 2990 419 3049 tum
433 2986 574 3064 penuria
588 2986 706 3049 deinde
722 2986 786 3049 cibi
799 2986 993 3064 languentia
1007 2986 1074 3050 leto

347 3098 493 3159 membra
508 3096 618 3172 dabat,
634 3103 749 3158 contra
763 3116 852 3158 nunc
867 3116 979 3158 rerum
994 3095 1089 3172 copia
1103 3102 1234 3159 mersat.

348 3206 398 3266 illi
413 3205 594 3283 prudentes
610 3205 675 3283 ipsi
691 3205 753 3267 sibi
769 3226 865 3282 saepe
881 3225 1046 3268 uenenum

347 3316 539 3393 uergebant,
556 3335 646 3376 nunc
664 3315 745 3377 dant
767 3314 958 3386 <uinum>
980 3314 1146 3376 sollertius
1163 3313 1237 3392 ipsi.

410 3510 493 3572 Inde
511 3529 603 3572 casas
620 3515 794 3586 postquam
811 3529 848 3571 ac
866 3509 961 3587 pellis
978 3508 1151 3586 ignemque
1169 3516 1346 3586 pararunt.

303 3625 379 3680 -et
396 3618 514 3681 mulier
531 3617 707 3682 coniuncta
721 3618 795 3682 uiro
813 3617 970 3681 concessit
987 3617 1022 3679 in
1038 3638 1143 3680 unum
1213 3652 1216 3658 ,

349 3730 366 3801 ’1
384 3727 515 3806 cognita
531 3734 610 3790 sunt
625 3729 815 3805 prolemque
831 3749 871 3791 ex
887 3747 920 3791 se
936 3727 1051 3789 uidere
1067 3733 1220 3803 creatam,

347 3844 419 3899 tum
436 3857 539 3915 genus
553 3839 736 3899 humanum
752 3836 896 3915 primum
913 3837 1098 3900 mollescere
1115 3835 1232 3913 coepit.

359 3969 409 4018 989
420 3969 488 4031 sort.
504 3967 662 4033 languentis

342 4035 492 4098 10021119.
507 4034 552 4085 hic

342 4105 410 4153 1009
419 4104 493 4164 vulp.
510 4102 688 4167 inprudentes

342 4172 409 4220 1010
419 4172 492 4232 vulp.
511 4170 638 4229 <aliis>

346 4238 413 4287 1013
423 4238 491 4298 fort.
507 4252 681 4302 congressum
842 4240 915 4289 [198]
