3234 4686
424 445 428 454 '
535 462 565 510 r.
586 461 749 513 ironam
769 461 858 512 1111

158 681 317 753 certaque
335 695 413 753 pare
430 660 511 753 eius*
526 676 621 754 quasi
638 677 732 739 nobis
748 678 893 740 membra
910 677 1080 739 uidentur.

156 793 334 862 praeterea
351 784 470 863 grandi
487 785 616 848 tonitru
633 806 789 849 concussa
805 792 951 865 repente,

157 900 254 957 terra
268 914 371 972 supra
386 914 470 971 quae
486 915 520 958 se
534 902 613 958 sunt
629 895 776 959 concutit
791 895 902 959 omnia
916 902 1025 957 motu:

159 1004 250 1081 quod
267 1003 377 1067 facere
390 1005 473 1067 haut
488 1005 559 1068 ulla
573 1012 682 1082 posset
697 1004 835 1081 ratione,
851 1004 916 1067 nisi
931 1012 1014 1068 esset

159 1112 315 1190 partibus
331 1112 429 1175 aeriis
444 1113 561 1177 mundi
577 1116 729 1192 caeloque
746 1114 906 1177 reuincta.

144 1222 240 1298 (nam
256 1222 484 1286 communibus
497 1222 586 1286 inter
601 1243 634 1286 se
650 1222 818 1286 radicibus
832 1224 970 1286 haerent

160 1353 203 1394 ex
218 1331 354 1395 ineunte
370 1352 452 1396 aeuo
468 1333 644 1396 coniuncta
660 1338 759 1409 atque
774 1331 887 1395 uniter
904 1332 1010 1410 apta.)

119 1460 271 1503 -nonne
286 1441 381 1504 uides
396 1441 496 1504 etiam
511 1462 610 1518 quam
625 1461 745 1519 magno
760 1443 905 1519 pondere
920 1441 1013 1504 nobis

160 1550 325 1613 sustineat
343 1571 462 1628 corpus
479 1551 673 1614 tenuissima
689 1551 742 1613 uis
759 1550 882 1613 animai

161 1666 341 1737 propterea
357 1660 436 1737 quia
453 1667 522 1722 tam
539 1659 715 1722 coniuncta
733 1666 832 1737 atque
849 1660 961 1722 uniter
980 1668 1060 1738 apta
1077 1663 1146 1723 estl

162 1769 305 1846 denique
321 1769 388 1832 iam
404 1770 493 1832 saltu
510 1769 637 1847 pernici
653 1771 767 1834 tollere
785 1790 905 1847 corpus

162 1878 246 1956 quid
260 1878 347 1956 potis
361 1886 410 1940 est
424 1878 489 1940 nisi
502 1878 555 1941 uis
569 1879 697 1943 animae
712 1900 795 1956 quae
810 1881 957 1942 membra
971 1880 1155 1957 gubernat?

120 1988 272 2051 —iamne
289 1987 383 2050 uides
400 1995 562 2065 quantum
579 1988 689 2051 tenuis
705 1995 828 2051 natura
844 1990 955 2052 ualere

163 2096 277 2175 possit,
293 2096 351 2159 ubi
367 2104 415 2160 est
431 2096 607 2160 coniuncta
622 2097 719 2175 graui
735 2118 809 2160 cum
825 2117 970 2176 corpore,
987 2105 1026 2162 ut
1043 2119 1098 2161 aer

163 2205 360 2268 coniunctus
375 2206 474 2268 terris
490 2212 522 2269 11
537 2206 630 2269 nobis
645 2214 693 2268 est
709 2206 812 2269 animi
826 2207 900 2269 uisl

461 2312 507 2361 DE
527 2311 632 2362 SOLIS
654 2311 929 2362 MAGNITVDINE

227 2401 295 2463 Nec
310 2400 413 2463 nimio
428 2400 504 2463 solis
519 2401 624 2463 maior
640 2408 713 2464 rota
729 2421 788 2463 nec
804 2402 912 2464 minor
929 2402 1028 2465 ardor

165 2530 233 2572 esse
250 2516 367 2586 potest,
385 2510 507 2572 nostris
524 2531 622 2587 quam
640 2510 788 2573 sensibus
805 2531 871 2574 esse
888 2511 1033 2574 uidetur.

121 2639 243 2681 -nam
259 2618 378 2696 quibus
394 2638 411 2680 e
427 2619 546 2697 spatiis
561 2640 699 2697 cumque
716 2620 808 2697 ignes
824 2620 951 2683 lumina
969 2627 1106 2697 possunt

165 2726 295 2791 adicere
312 2735 344 2791 et
361 2728 505 2791 calidum
521 2729 675 2791 membris
692 2729 816 2793 adflare
832 2749 1000 2807 uaporem,

165 2837 214 2898 nil
237 2836 368 2909 <illa>
390 2837 442 2899 his
460 2837 647 2901 interuallis
666 2840 705 2900 de
724 2858 859 2916 corpore
878 2839 984 2900 libant

166 2948 382 3023 flammarum,
398 2946 446 3008 nil
463 2948 505 3009 ad
521 2948 661 3025 speciem
677 2955 725 3011 est
740 2948 940 3011 contractior
956 2948 1051 3025 ignis.

164 3055 315 3133 proinde,
333 3057 421 3119 calor
437 3057 591 3133 quoniam
608 3057 685 3119 solis
701 3058 876 3133 lumenque
892 3056 1068 3136 profusum

167 3165 369 3242 perueniunt
386 3172 515 3228 nostros
533 3168 576 3228 ad
593 3186 707 3229 sensus
724 3174 756 3229 et
774 3167 844 3228 1111
863 3166 1004 3243 fulgent,

167 3274 276 3338 forma
291 3295 419 3352 quoque
432 3274 510 3337 hinc
525 3275 601 3337 solis
615 3275 712 3337 debet
726 3274 883 3352 filumque
898 3275 1017 3352 uideri,

167 3384 216 3445 nil
231 3385 311 3447 adeo
325 3390 365 3446 ut
380 3383 485 3461 possis
499 3385 575 3461 plus
589 3390 647 3447 aut
662 3384 772 3446 minus
788 3385 919 3461 addere,
935 3404 1022 3447 uere.

155 3492 369 3571 [perueniunt
385 3500 514 3555 nostros
529 3494 572 3555 ad
588 3513 701 3556 sensus
717 3500 749 3556 et
766 3493 998 3571 loeatulgent]

575 3598 658 3657 <DE
679 3599 818 3657 LVNA>

128 3687 312 3765 -lunaque
328 3686 398 3749 siue
413 3687 515 3748 notho
531 3686 640 3749 fertur
655 3688 726 3750 loca
742 3687 866 3750 lumine
882 3688 1028 3750 lustrans

169 3796 237 3860 siue
253 3817 346 3859 suam
362 3795 499 3873 proprio
514 3795 616 3857 iactat
631 3797 671 3859 de
687 3816 823 3874 corpore
838 3797 953 3873 lucem,

170 3905 331 3984 quidquid
348 3905 384 3967 id
400 3911 458 3982 est,
475 3904 580 3966 nihilo
596 3904 706 3967 fertur
721 3905 843 3967 maiore
859 3905 967 3983 figura

181 4038 230 4088 560
240 4037 300 4102 quis

180 4105 229 4154 570
240 4105 307 4168 fort.
323 4105 445 4168 purgant
479 4102 551 4162 vulo.
567 4100 686 4152 mulcent

662 4238 736 4290 [183]
