3190 4682
475 527 500 554 .
632 472 684 523 nn
701 473 834 524 11111111
850 473 1005 524 urruns
1025 473 1076 524 111

324 649 494 807 (picteiies
500 686 611 764 itaque
629 694 661 750 et
678 686 878 765 scriptorum
895 689 1001 751 saecla
1019 688 1133 765 priora

315 795 386 863 ·.sic
398 774 526 858 animas
542 796 815 860 introduxerunt
831 797 979 861 sensibus
995 805 1117 861 auctas.
1124 799 1134 874 )

250 908 495 1054 ...ζ-(1111111111
511 926 638 969 sorsum
654 906 740 969 oculi
754 927 860 984 neque
876 927 973 969 nares
988 927 1047 970 nec
1063 928 1181 970 manus
1197 907 1270 985 ipsa

293 998 407 1101 'p'esse
422 1022 530 1092 potest
545 1014 673 1079 animae
688 1037 793 1094 neque
808 1037 935 1079 sorsum
949 1016 1074 1094 lingua,
1090 1037 1195 1094 neque
1211 1036 1315 1079 aures.

227 1052 429 1211 ἰξ’ῗ-ὴειικί
445 1124 494 1187 ita
508 1131 580 1188 tum
596 1145 656 1203 per
672 1146 705 1187 se
722 1133 859 1203 possunt
875 1126 997 1188 sentire
1013 1145 1118 1203 neque
1134 1145 1211 1189 esse

402 1319 447 1381 ut
465 1319 620 1396 quoniam
637 1325 707 1381 toto
724 1319 884 1382 sentimus
900 1340 1036 1397 corpore
1053 1320 1157 1383 inesse

338 1427 474 1491 uitalem
489 1449 620 1491 sensum
635 1436 667 1492 et
681 1435 788 1492 totum
803 1450 870 1492 esse
885 1429 1026 1493 animale
1040 1429 1200 1507 uidemus,

338 1537 366 1599 si
382 1538 490 1600 subito
505 1537 649 1601 medium
664 1538 761 1602 celeri
777 1538 977 1617 praeciderit
992 1538 1062 1602 ictu

337 1647 390 1709 uis
404 1647 517 1725 aliqua
529 1654 568 1710 ut
582 1668 709 1711 sorsum
723 1655 852 1727 partem
867 1656 1015 1712 secernat
1029 1656 1214 1726 utramque,

337 1757 515 1835 dispertita
529 1759 645 1835 procul
659 1758 761 1821 dubio
775 1779 902 1836 quoque
917 1759 970 1821 uis
985 1758 1107 1821 animai

338 1874 371 1929 et
388 1866 523 1929 discissa
539 1867 637 1930 simul
655 1889 728 1930 cum
747 1888 882 1945 corpore
900 1868 1096 1948 dissicietur.

295 1983 373 2039 -at
389 1977 476 2054 quod
491 1976 655 2040 scinditur
670 1984 702 2039 et
717 1978 825 2056 partis
839 1978 978 2040 discedit
993 1978 1029 2039 in
1043 1979 1138 2055 ullas,

337 2086 461 2149 scilicet
478 2092 645 2149 aeternam
660 2087 723 2150 sibi
739 2095 894 2150 naturam
911 2088 1028 2150 abnuit
1045 2108 1121 2150 esse.

295 2195 508 2273 —falciferos
523 2205 706 2259 memorant
722 2218 840 2260 currus
856 2197 1021 2260 abscidere
1037 2199 1184 2260 membra

337 2326 434 2383 saepe
449 2305 497 2369 ita
512 2307 551 2367 de
567 2306 676 2370 subito
690 2307 855 2385 permixta
870 2308 967 2370 caede
983 2307 1129 2384 calentis,

337 2423 376 2477 ut
391 2421 530 2477 tremere
547 2415 582 2476 in
598 2422 689 2479 terra
704 2416 861 2479 uideatur
878 2419 918 2479 ab
935 2418 1074 2479 artubus
1090 2416 1124 2479 id
1143 2418 1230 2494 qued

338 2525 461 2588 decidit
476 2525 647 2603 abscisum,
664 2547 738 2588 cum
752 2545 843 2589 mens
858 2533 968 2589 tamen
983 2533 1081 2603 atque
1095 2526 1237 2589 hominis
1251 2525 1303 2589 uis

337 2634 518 2698 mobilitate
533 2636 612 2698 mali
627 2656 693 2698 non
708 2635 781 2713 quit
796 2636 917 2705 sentire
933 2636 1094 2712 dolorem;

338 2751 370 2807 et
384 2743 482 2807 simul
496 2744 532 2805 in
546 2766 678 2822 pugnae
693 2745 804 2808 studio
819 2746 906 2823 quod
922 2745 1035 2807 dedita
1049 2766 1141 2808 mens
1155 2752 1212 2824 est,

337 2874 472 2932 corpore
488 2855 616 2931 reliquo
631 2875 777 2932 pugnam
794 2856 971 2932 caedesque
987 2855 1131 2932 petessit,

336 2985 396 3026 nec
412 2970 502 3027 tenet
518 2964 669 3027 amissam
684 2964 813 3027 laeuam
829 2986 903 3027 cum
919 2965 1061 3042 tegmine
1078 2984 1174 3042 saepe

336 3073 424 3136 inter
440 3094 538 3151 equos
553 3075 705 3136 abstraxe
722 3080 811 3136 rotas
827 3074 992 3152 falcesque
1009 3095 1153 3152 rapaces,

335 3203 395 3245 nec
412 3183 564 3245 cecidisse
582 3184 666 3246 alius
683 3185 842 3260 dextram,
860 3205 934 3246 cum
951 3184 1080 3247 scandit
1097 3191 1129 3246 et
1147 3184 1259 3246 instat.

336 3293 413 3355 inde
429 3293 514 3355 alius
530 3300 669 3356 conatur
685 3294 839 3370 adempto
854 3313 988 3370 surgere
1005 3313 1109 3370 crure,

336 3423 410 3465 cum
423 3402 546 3480 digitos
559 3402 664 3480 agitat
678 3408 815 3481 propter
829 3403 1047 3465 moribundus
1060 3403 1152 3465 humi
1167 3422 1233 3480 pes.

336 3519 368 3574 et
385 3518 486 3590 caput
504 3512 665 3575 abscisum
677 3494 790 3575 calido
805 3511 1005 3589 uiuenteque
1021 3519 1140 3574 trunco

229 3622 232 3628 ’
336 3628 448 3685 seruat
462 3622 554 3684 humi
568 3623 697 3684 uoltum
711 3622 848 3684 uitalem
863 3622 1035 3699 oculosque
1050 3621 1206 3699 patentia

336 3732 438 3794 donec
453 3731 610 3809 reliquias
626 3731 749 3793 animai
765 3730 911 3794 reddidit
928 3751 1047 3793 omnes.

292 3841 417 3919 -quin
434 3841 533 3904 etiam
549 3840 611 3903 tibi
628 3841 665 3918 si,
682 3840 798 3919 lingua
814 3841 979 3916 uibrante,
995 3840 1138 3902 minanti

346 3973 397 4022 633
408 3972 538 4022 auditum
