3234 4684
471 434 522 482 DE
540 432 674 482 RERVM
691 431 882 481 NATVRA'I

156 669 219 711 nec
234 667 388 726 prorsum
403 646 563 710 facerent
579 653 679 709 restet
695 645 805 707 minus
819 645 867 708 ire
882 645 1036 708 meando:

157 777 264 834 usque
281 758 364 820 adeo
379 757 501 835 passim
518 763 610 834 patet
627 757 743 834 ingens
759 755 854 833 copia
871 755 977 830 rebus,

157 866 283 929 finibus
300 867 468 944 exemptis,
486 867 521 927 in
538 872 674 928 cunctas
688 865 835 942 undique
853 864 968 942 partis,

225 977 304 1055 Ipsa
319 978 452 1038 modum
467 996 568 1054 porro
580 975 643 1037 sibi
659 995 769 1036 rerum
785 994 911 1036 summa
926 993 1045 1051 parare

158 1107 204 1149 ne
221 1086 333 1164 possit,
351 1093 475 1149 natura
490 1091 589 1162 tenet,
606 1106 690 1162 quae
707 1096 827 1161 corpus
844 1078 941 1145 inani
1040 1102 1044 1107 '

160 1203 196 1258 et
213 1197 300 1273 quod
317 1195 414 1258 inane
431 1203 541 1258 autem
557 1201 605 1257 est
621 1194 712 1255 finiri
728 1213 864 1271 corpore
881 1192 977 1270 cogit,
1064 1204 1067 1211 ⁴

159 1312 202 1368 ut
221 1305 267 1367 sic
286 1305 423 1368 alternis
442 1304 574 1366 infinita
593 1304 702 1366 omnia
722 1304 857 1378 reddat3

160 1415 339 1477 autetiam
357 1416 564 1490 alterutrum,
583 1413 648 1475 nisi
665 1413 820 1475 terminet
837 1412 979 1475 alterum
997 1431 1118 1487 eorum,

159 1524 311 1601 simplice
328 1531 451 1587 natura
468 1530 581 1601 pateat
600 1522 710 1586 tamen
730 1522 981 1598 inmoderatum,

160 1654 224 1695 nec
239 1655 327 1696 mare
342 1653 402 1696 nec
416 1634 514 1695 tellus
529 1653 633 1710 neque
649 1632 730 1694 caeli
745 1631 858 1694 lucida
870 1633 996 1708 templa

159 1763 224 1806 nec
240 1743 376 1806 mortale
392 1764 495 1821 genus
510 1764 569 1806 nec
586 1743 697 1804 diuom
714 1761 852 1819 corpora
868 1747 982 1803 sancta

160 1852 320 1929 exiguum
336 1859 468 1930 possent
482 1851 576 1914 horai
591 1852 705 1913 sistere
721 1857 868 1928 tempus3

159 1983 242 2024 nam
256 1962 405 2039 dispulsa
419 1982 479 2023 suo
493 1963 533 2024 de
548 1968 642 2025 coetu
656 1960 807 2024 materiai

161 2071 260 2150 copia
276 2071 423 2133 ferretur
439 2092 595 2149 magnum
611 2076 676 2148 per
687 2070 786 2133 inane
801 2070 919 2145 soluta,

160 2181 236 2243 siue
255 2182 336 2244 adeo
354 2180 464 2258 potius
484 2201 663 2258 numquam
683 2182 835 2242 concreta
855 2185 995 2241 creasset

160 2291 269 2353 ullam
284 2310 362 2366 rem,
379 2289 534 2367 quoniam
550 2289 622 2366 cogi
638 2288 774 2351 disiecta
791 2288 965 2365 nequisset.

144 2401 244 2476 (nam
261 2406 348 2462 certe
364 2419 470 2475 neque
487 2397 620 2460 consilio
638 2397 822 2476 primordia
839 2418 955 2481 rernm

162 2508 281 2571 ordine
297 2528 330 2570 se
344 2529 405 2570 suo
418 2528 565 2585 quaeque
581 2508 690 2585 sagaci
705 2513 814 2569 mente
829 2508 980 2569 locarunt

160 2639 225 2680 nec
242 2639 322 2695 quos
340 2639 488 2695 quaeque
510 2619 666 2689 <darent
683 2624 791 2679 motus
809 2617 964 2695 pepigere
982 2615 1183 2693 profecto>,

162 2728 224 2790 sed
247 2728 341 2805 (quia
359 2728 464 2790 multa
481 2727 585 2789 modis
601 2727 715 2788 multis
732 2733 861 2788 mutata
879 2745 939 2804 per
956 2745 1049 2787 omne

163 2858 207 2900 ex
219 2835 351 2899 infinito
364 2844 530 2899 uexantur
545 2836 672 2914 percita
686 2836 817 2915 plagis)

163 2966 261 3009 omne
277 2966 380 3023 genus
395 2953 503 3023 motus
520 2953 552 3007 et
568 2951 679 3007 coctus
696 2945 901 3023 experiundo

163 3057 302 3118 tandem
320 3055 502 3118 deueniunt
520 3055 555 3117 in
573 3056 650 3130 talis
668 3055 896 3132 disposituras,

164 3165 321 3242 qualibus
335 3166 414 3227 haec
429 3186 541 3227 rerum
557 3164 706 3226 consistit
722 3185 850 3226 summa
864 3168 991 3240 creata;

165 3282 200 3337 et
216 3275 337 3336 multos
352 3274 451 3337 etiam
467 3295 603 3352 magnos
617 3279 749 3336 seruata
765 3295 825 3352 per
842 3293 944 3336 annos

165 3392 206 3446 ut
222 3385 319 3446 semel
334 3383 369 3444 in
383 3390 492 3446 motus
507 3384 684 3446 coniectast
700 3382 935 3459 conuenientis,

168 3493 265 3556 efficit
281 3500 320 3555 ut
336 3493 438 3570 largis
455 3492 592 3556 auidum
608 3514 697 3555 mare
715 3492 862 3554 fluminis
875 3491 975 3555 undis
1056 3564 1057 3567 Ἴ

167 3603 336 3680 integrent
350 3622 462 3664 amnes
477 3608 509 3663 et
523 3602 599 3663 solis
614 3610 704 3664 terra
719 3622 843 3680 uapore

166 3713 241 3775 fota
256 3719 357 3774 nouet
373 3711 464 3773 fetus
477 3711 796 3787 summ<iss>aque
812 3731 891 3789 gens
907 3709 1113 3773 animantum

167 3805 284 3884 floreat
300 3829 333 3883 et
348 3819 469 3883 uiuant
485 3820 625 3886 labentis
642 3820 785 3883 aetheris
800 3819 901 3897 ignes.

168 3932 256 4009 qnod
271 3931 366 3992 nullo
381 3929 530 3993 facerent
546 3935 652 4006 pact0,
669 3929 734 3991 nisi
749 3928 901 3991 materiai

163 4063 230 4111 1013
240 4063 313 4122 volu.
331 4062 399 4111 1013
412 4060 506 4109 *1014

165 4131 231 4179 1034
241 4130 363 4180 floreant

674 4214 730 4264 [35]
