3234 4686
659 458 710 508 Dr
728 457 861 507 RERVM
878 457 1033 508 NATVRA
1056 458 1096 509 Π

365 694 426 736 nec
443 673 592 737 cohibere
608 672 704 736 niues
720 672 846 751 gelidas
862 680 896 736 et
912 673 1086 752 grandinis
1103 674 1230 739 imbris.

364 785 449 845 dant
465 783 565 846 etiam
581 783 725 845 sonitum
742 782 852 861 patuli
867 803 968 861 super
984 804 1128 861 aequora
1144 786 1273 863 mundi,

367 894 523 956 carbasus
537 899 576 955 ut
593 893 731 955 condam
746 892 876 970 magnis
891 892 1022 956 intenta
1037 894 1179 958 theatris

365 1004 426 1066 dat
441 1002 605 1080 crepitum
621 1003 723 1064 malos
740 1001 828 1064 inter
844 1001 969 1066 iactata
984 1004 1169 1081 trabesque,

367 1112 536 1175 interdum
553 1111 713 1190 perscissa
729 1110 816 1174 furit
833 1111 1063 1189 petulantibus
1079 1113 1171 1176 auris

366 1229 399 1285 et
414 1221 546 1300 fragilis
566 1220 767 1292 <sonitus>
787 1222 980 1284 chartarum
995 1223 1260 1287 commoditatur.

349 1332 402 1408 (id
416 1352 545 1409 quoque
560 1330 647 1394 enim
662 1350 765 1409 genus
779 1330 814 1391 in
828 1330 958 1394 tonitru
972 1351 1165 1409 cognoscere
1180 1334 1294 1411 possis,

366 1448 426 1505 aut
440 1441 499 1504 ubi
513 1460 705 1518 suspensam
720 1448 845 1503 uestem
861 1441 1056 1518 chartasque
1072 1442 1219 1506 uolantis

366 1550 559 1614 uerberibus
573 1549 667 1612 uenti
682 1555 818 1612 uersant
834 1551 1065 1628 planguntque
1082 1572 1141 1629 per
1158 1554 1284 1630 auras.)
1471 1544 1514 1595 ¹1⁵

364 1661 411 1738 fit
426 1680 554 1738 quoque
570 1658 657 1721 enim
673 1659 842 1722 interdum
863 1667 975 1731 <ut>
996 1680 1063 1722 non
1078 1666 1147 1723 tam
1164 1681 1359 1727 concurrere
1373 1663 1476 1726 nubes

367 1769 535 1833 frontibus
551 1768 700 1832 aduersis
717 1769 843 1846 possint
861 1790 959 1847 quam
976 1771 1017 1834 de
1033 1771 1137 1834 latere
1154 1771 1203 1835 ire

365 1880 499 1943 diuerso
514 1886 606 1941 motu
623 1879 778 1940 radentes
794 1898 934 1957 corpora
950 1880 1093 1957 tractim,

366 1990 481 2052 aridus
498 1990 587 2052 unde
604 1988 695 2051 auris
710 1995 818 2066 terget
835 2009 935 2051 sonus
951 1989 1008 2053 ille
1025 1989 1148 2068 diuque

365 2099 510 2175 ducitur,
528 2098 680 2160 exierunt
695 2099 798 2161 donec
813 2098 1003 2176 regionibus
1019 2100 1111 2163 artis,

429 2209 501 2271 Hoc
518 2207 617 2271 etiam
632 2215 729 2285 pacto
743 2209 872 2271 tonitru
889 2229 1045 2272 concussa
1061 2209 1221 2273 uidentur

366 2318 476 2382 omnia
490 2338 586 2395 saepe
601 2317 698 2395 graui
714 2324 853 2381 tremere
869 2325 901 2381 et
917 2318 1045 2382 diuolsa
1061 2326 1196 2398 repente

365 2428 509 2491 maxima
525 2426 705 2491 dissiluisse
721 2427 851 2505 capacis
866 2429 995 2492 moenia
1012 2429 1138 2505 mundi,

365 2559 440 2602 cum
457 2537 565 2601 subito
581 2537 687 2599 ualidi
703 2538 796 2600 uenti
812 2539 958 2601 conlecta
975 2541 1118 2616 procella

364 2648 509 2711 nubibus
524 2646 658 2709 intorsit
673 2667 740 2711 sese
756 2649 973 2724 conclusaque
990 2647 1110 2711 ibidem

365 2758 498 2821 turbine
515 2757 664 2820 uersanti
678 2757 783 2834 magis
799 2778 836 2820 ae
851 2757 956 2834 magis
971 2758 1119 2836 undique
1135 2760 1256 2821 nubem

366 2869 452 2946 cogit
468 2867 519 2931 uti
535 2866 594 2929 fiat
610 2866 714 2944 spisso
730 2887 812 2930 caua
829 2886 965 2945 corpore
981 2867 1114 2944 circum,

365 2986 439 3057 post
456 2978 514 3040 ubi
530 2975 713 3057 conminuit
728 2976 780 3038 uis
796 2976 866 3039 eius
882 2984 915 3040 et
931 2976 1075 3054 impetus
1091 2998 1175 3053 acer,

365 3094 436 3151 tum
452 3086 695 3166 perterricrepo
708 3086 820 3148 sonitu
834 3087 893 3148 dat
908 3085 1007 3149 missa
1021 3086 1198 3165 fragorem.

322 3218 424 3261 -nec
439 3198 570 3272 mirum,
587 3217 661 3258 cum
677 3196 776 3273 plena
791 3195 918 3258 animae
933 3196 1105 3259 uensicula
1120 3217 1226 3274 parua

364 3328 461 3385 saepe
477 3308 526 3369 ita
540 3307 598 3368 dat
614 3326 771 3382 magnum
787 3304 931 3368 sonitum
947 3305 1093 3383 displosa
1109 3313 1254 3384 repente.

429 3418 490 3479 Est
505 3415 605 3478 etiam
621 3415 717 3490 ratio,
734 3435 808 3477 eum
824 3415 917 3477 uenti
932 3414 1048 3478 nubila
1064 3415 1217 3493 perflant,

365 3534 403 3588 ut
419 3526 546 3589 sonitus
562 3524 699 3588 faciant.
739 3523 858 3587 etenim
875 3545 1004 3587 ramosa
1019 3524 1170 3587 uidemus

365 3635 480 3699 nubila
495 3656 592 3713 saepe
608 3634 713 3696 modis
729 3633 844 3696 multis
860 3641 958 3711 atque
976 3654 1094 3711 aspera
1110 3633 1210 3710 ferri3

365 3745 488 3808 scilicet
503 3753 552 3821 ut,
569 3745 717 3807 crebram
733 3743 851 3805 siluam
866 3764 940 3805 cum
956 3742 1091 3806 flamina
1106 3744 1199 3806 cauri

365 3854 518 3932 perflant,
535 3856 617 3916 dant
634 3852 778 3915 sonitum
794 3851 930 3915 frondes
947 3852 1095 3930 ramique
1112 3852 1290 3931 fragorem.

379 3986 428 4034 128
439 3987 506 4046 fort.
523 3983 671 4035 communit
736 3982 793 4032 uiss
810 3984 877 4045 sort.
894 3983 936 4033 vis
952 4000 981 4034 se

377 4051 426 4100 129
436 4052 508 4112 volo.
525 4051 611 4101 scissa

859 4236 932 4287 [218]
