3234 4684
560 441 590 490 Τ.
609 440 771 491 LVGRETI
789 440 878 492 CARI

184 655 263 734 ipsa
276 675 338 729 sua
351 676 410 735 per
424 676 457 720 se
472 664 589 734 sponte
604 655 713 719 omnia
727 655 778 719 dis
792 675 888 734 agere
903 675 1029 734 expers.

185 785 266 828 nam
282 785 345 843 pro
358 772 473 829 sancta
488 767 586 828 deum
601 764 785 842 tranquilla
799 771 933 843 pectora
949 784 1029 843 pace

186 894 274 952 quae
290 875 458 952 placidum
474 875 600 953 degunt
617 894 731 938 aeuom
746 874 916 951 uitamque
933 893 1090 950 serenam,

185 983 264 1061 quis
279 1004 391 1062 regere
406 984 556 1047 immensi
570 1003 739 1060 summam,
755 983 829 1060 quis
843 985 963 1046 habere
979 981 1142 1061 profundi

186 1093 273 1156 indu
288 1114 389 1156 manu
404 1093 535 1157 ualidas
550 1093 637 1172 potis
653 1100 702 1156 est
717 1094 927 1156 moderanter
941 1093 1095 1169 habenae,

187 1203 265 1280 quis
282 1203 408 1280 pariter
424 1203 530 1294 caelos
545 1203 650 1265 omnis
666 1209 857 1265 conuertere
874 1209 907 1265 et
923 1201 1027 1264 omnis

187 1312 324 1390 ignibus
340 1312 494 1376 aetheriis
509 1320 617 1376 terras
633 1311 742 1375 suffire
759 1311 889 1387 feracis

188 1421 343 1484 omnibus
358 1422 434 1484 inue
450 1422 530 1485 locis
544 1441 611 1486 esse
628 1422 878 1499 omnitempore
894 1428 1035 1499 praesto,

186 1530 336 1593 nubibus
348 1539 386 1594 ut
400 1533 553 1595 tenebras
568 1531 672 1594 faeiat
687 1518 833 1608 caelique
847 1551 961 1593 serena

188 1640 359 1703 concutiat
375 1640 494 1716 sonitu,
511 1647 583 1703 tum
599 1639 743 1703 fulmina
758 1640 871 1703 mittat
886 1647 918 1703 et
935 1639 1025 1703 aedis

187 1769 287 1827 saepe
304 1770 380 1812 suas
396 1749 561 1812 disturbet
578 1757 610 1812 et
632 1749 742 1821 <in>
764 1750 894 1812 deserta
911 1750 1066 1812 recedens

187 1858 319 1922 saeuiat
336 1878 488 1921 exercens
505 1861 608 1922 telum
625 1860 713 1936 quod
730 1878 826 1936 saepe
843 1866 996 1921 nocentes

189 1968 353 2047 praeterit
370 1968 601 2045 exanimatque
618 1968 772 2046 indignos
789 1968 889 2045 inque
906 1972 1089 2031 merentes?

350 2268 524 2317 MVNDVM
545 2267 684 2318 NATVM
705 2268 753 2317 ΕΤ
776 2265 928 2318 MVLTOS
949 2267 1095 2319 SIMILIS

256 2356 427 2434 Multaque
442 2364 516 2434 post
530 2356 647 2419 mundi
659 2364 790 2435 tempus
804 2356 946 2434 genitale
961 2357 1112 2434 diemque

190 2465 415 2544 primigenum
430 2465 532 2528 maris
546 2471 578 2529 et
593 2473 701 2529 terrae
717 2465 857 2542 solisque
872 2472 1020 2528 coortum

191 2574 310 2638 addita
323 2594 463 2652 corpora
477 2582 555 2638 sunt
570 2575 781 2651 extrinsecus,
797 2574 912 2638 addita
928 2575 1052 2638 circum

191 2683 319 2746 semina
334 2704 417 2761 quae
434 2704 591 2762 magnum
608 2684 784 2747 iaculando
800 2684 941 2747 contulit
958 2705 1070 2762 omne;

190 2793 282 2855 unde
297 2813 386 2855 mare
402 2800 434 2856 et
449 2800 558 2857 terrae
572 2800 704 2871 possent
720 2813 892 2871 augescere
908 2800 940 2856 et
954 2794 1043 2856 unde

192 2910 371 2979 appareret
386 2902 532 2980 spatium
548 2902 629 2965 caeli
645 2903 761 2965 domus
777 2904 909 2980 altaque
926 2909 1012 2966 tecta

191 3011 324 3073 tolleret
340 3032 359 3074 a
373 3011 472 3075 terris
488 3011 603 3089 procul
618 3017 651 3074 et
666 2999 878 3089 consurgeret
894 3033 960 3081 aer.

144 3141 272 3183 -cam
286 3140 347 3183 sua
360 3120 488 3198 cuique,
503 3120 582 3184 locis
596 3142 635 3184 ex
650 3120 810 3198 omnibus,
823 3121 935 3199 omnia
949 3121 1059 3200 plagis

192 3249 333 3307 corpora
349 3229 598 3292 distribuuntur
614 3236 646 3292 et
663 3231 705 3293 ad
722 3250 782 3293 sua
799 3230 904 3293 saecla
920 3231 1088 3308 recedunt,

192 3339 312 3401 humor
328 3339 371 3401 ad
387 3358 542 3415 umorem,
559 3345 692 3402 terreno
708 3359 843 3417 corpore
858 3346 950 3403 terra

194 3448 312 3511 crescit
326 3455 360 3511 et
375 3448 484 3525 ignem
500 3447 592 3525 ignes
606 3449 796 3526 procudunt
813 3450 1010 3526 aetheraque
1030 3450 1231 3524 <aether>‚
1283 3446 1350 3495 1115

195 3557 338 3634 donique
353 3558 396 3620 ad
412 3563 593 3620 extremum
609 3556 776 3620 crescendi
791 3557 914 3634 perfica
927 3557 1025 3621 finem

196 3666 306 3729 omnia
322 3665 479 3744 perduxit
495 3686 606 3727 rerum
621 3673 744 3730 natura
760 3665 920 3742 creatrix3

196 3783 236 3837 ut
249 3775 286 3836 fit
299 3775 357 3838 ubi
371 3774 476 3838 nihilo
490 3774 555 3837 iam
570 3775 645 3852 plus
660 3782 708 3838 est
723 3776 811 3852 quod
826 3775 927 3837 datur
942 3775 1033 3838 intra

197 3883 311 3947 uitalis
326 3904 430 3947 uenas
444 3888 543 3961 quam
560 3884 647 3961 quod
664 3883 738 3946 fluit
755 3891 853 3961 atque
869 3883 1002 3946 recedit.

193 4015 260 4064 1116
270 4015 341 4076 vulp.
360 4018 515 4065 extremam
