3190 4682
545 374 576 422 T.
597 373 759 424 LVGEETI
779 373 868 425 CARI

170 593 218 648 est
237 587 351 664 itaque
368 595 406 650 ut
424 608 568 666 serpens
585 588 727 650 hominis
743 609 827 665 quae
844 595 934 651 tacta
950 588 1065 651 saliuis

169 695 312 774 disperit
329 718 367 761 ac
384 718 451 760 sese
468 699 656 761 mandendo
672 698 801 761 conficit
819 698 900 776 ipsa.

168 813 345 883 praeterea
360 807 456 870 nobis
470 813 642 870 ueratrum
659 815 707 871 est
724 829 798 871 acre
814 828 988 884 uenenum,

168 922 204 978 at
220 917 333 994 capris
351 917 465 995 adipes
482 924 515 980 et
531 917 756 980 coturnicibus
772 918 897 995 auget.)

126 1025 204 1087 —c'd
220 1026 343 1103 quibus
356 1034 395 1089 ut
409 1026 467 1089 fiat
483 1029 581 1090 rebus
596 1047 787 1105 cognoscere
803 1027 916 1105 possis,

169 1135 339 1214 principio
354 1137 537 1199 meminisse
555 1138 646 1199 decet
663 1158 746 1214 quae
762 1137 907 1200 diximus
923 1144 1009 1213 ante,

168 1246 297 1309 semina
312 1246 517 1309 multimodis
532 1247 568 1308 in
585 1248 683 1326 rebus
699 1247 803 1309 mixta
819 1247 934 1309 teneri.

167 1375 270 1431 porro
287 1376 397 1418 omnes
413 1376 635 1433 quaecumque
652 1356 760 1418 cibum
777 1356 914 1434 capiunt
931 1357 1123 1433 animantes,

169 1472 207 1526 ut
225 1473 306 1527 sunt
324 1465 498 1528 dissimiles
514 1466 717 1528 extrinsecus
735 1472 766 1529 et
784 1465 966 1543 generatim
1007 1550 1009 1555 y

169 1574 295 1637 extima
311 1577 531 1637 membrorum
550 1575 809 1638 circumcaesura
828 1581 961 1650 coercet,

169 1684 312 1761 proinde
329 1691 361 1747 et
377 1684 555 1747 seminibus
571 1691 722 1748 constant
738 1685 938 1762 uariantque
954 1686 1070 1762 figura.

127 1794 297 1856 —semina
314 1814 388 1857 cum
405 1814 505 1871 porro
521 1794 655 1870 distent,
674 1794 808 1857 differre
826 1802 985 1857 necessest

169 1902 352 1966 interualla
367 1903 513 1980 uiasque,
532 1904 698 1967 foramina
715 1924 798 1980 quae
815 1905 1034 1982 perhibemus

169 2013 323 2075 omnibus
339 2013 374 2074 in
390 2013 544 2076 membris
560 2020 591 2076 et
608 2014 643 2075 in
660 2034 714 2075 ore
730 2014 865 2091 ipsoque
883 2015 1004 2091 palato.

171 2143 238 2186 esse
257 2122 387 2185 minora
404 2122 508 2200 igitur
526 2124 688 2200 quaedam
705 2123 894 2200 maioraque
912 2125 1042 2199 debent,

171 2251 237 2295 esse
255 2232 421 2308 triquetra
439 2232 521 2308 aliis,
539 2233 614 2296 aliis
631 2234 796 2310 quadrata
812 2239 980 2308 necessest,

169 2343 278 2405 multa
294 2343 452 2418 rutunda,
468 2343 573 2404 modis
589 2343 703 2405 multis
719 2344 928 2419 multangula
944 2343 1114 2419 quaedam.

157 2450 314 2528 (namque
331 2452 514 2528 figurarum
531 2453 671 2514 ratiout
688 2459 860 2528 motusque
877 2459 1063 2530 reposcunt,

170 2561 313 2638 proinde
331 2560 549 2624 foraminibus
567 2563 687 2624 debent
703 2561 839 2624 differre
855 2562 989 2638 figurae,

171 2676 202 2732 et
218 2671 353 2733 uariare
370 2671 444 2733 uiae
460 2670 599 2749 proinde
617 2692 654 2734 ac
670 2678 804 2733 textura
821 2672 972 2745 coercet.)

171 2781 230 2843 hoc
246 2780 305 2842 ubi
321 2781 409 2857 quod
425 2801 526 2844 suaue
539 2789 590 2844 'est
607 2781 682 2844 aliis
697 2781 771 2844 aliis
786 2781 824 2843 fit
841 2802 999 2857 amarum,

171 2889 231 2966 illi,
250 2889 303 2951 cui
321 2910 422 2952 suaue
440 2898 497 2966 est,
516 2890 682 2953 leuissima
700 2910 839 2968 corpora
855 2892 975 2953 debent

171 2999 455 3062 contractabiliter
473 3001 584 3063 caulas
603 3000 730 3063 intrare
748 3000 862 3078 palati,

171 3116 205 3172 at
223 3116 340 3171 contra
356 3109 475 3185 quibus
491 3116 539 3172 est
557 3111 669 3172 eadem
685 3130 737 3172 res
754 3109 846 3171 intus
862 3111 987 3185 acerba,

172 3239 289 3297 aspera
307 3218 463 3281 nimirum
481 3225 659 3296 penetrant
674 3225 848 3295 amataque
866 3218 987 3281 fauces.

132 3348 261 3390 —nunc
276 3328 375 3391 facile
391 3335 438 3391 est
454 3350 493 3391 ex
508 3328 560 3390 his
574 3330 672 3391 rebus
688 3348 878 3406 cognoscere
895 3349 1051 3405 quaeque.

171 3438 296 3516 quippe
311 3438 369 3499 ubi
385 3438 438 3500 cui
454 3437 557 3500 febris
571 3437 631 3501 bili
646 3444 824 3516 superante
841 3444 952 3506 coorta
967 3444 1016 3500 est

172 3554 231 3610 aut
247 3547 313 3610 alia
329 3547 458 3610 ratione
474 3547 616 3624 aliquast
633 3547 685 3610 uis
701 3547 808 3610 excita
823 3547 937 3623 morbi,

172 3659 391 3735 perturbatur
408 3656 454 3718 ibi
471 3656 536 3719 iam
552 3664 660 3719 totum
677 3677 796 3734 corpus
812 3663 844 3719 et
862 3676 972 3718 omnes

172 3772 418 3830 commutantur
437 3765 484 3828 ibi
503 3766 670 3843 positurae
690 3765 948 3844 principiorum3

174 3899 224 3947 638
235 3899 302 3960 sort.
317 3897 454 3947 Vescitur

174 3967 224 4015 648
234 3967 307 4027 culp.
324 3981 358 4015 ex
378 4001 384 4013 .
404 4001 410 4012 .
430 3964 589 4014 ,variante

175 4035 224 4085 659
232 4035 303 4098 sort.
312 4032 370 4083 illis
