3234 4684
610 441 662 490 DE
679 441 812 493 RERVM
829 444 984 494 NATVBA
1004 445 1037 496 11

308 650 428 716 ictibus
446 652 579 717 illorum
597 656 700 719 caecis
718 657 850 736 inpulsa
868 658 1007 737 cientur,

307 760 444 840 ipsaque
459 782 622 842 proporro
636 767 736 844 paulo
751 767 876 831 maiora
891 770 1065 833 lacessunt.

264 870 353 934 —sic
368 892 387 934 a
402 872 579 952 principiis
593 876 740 939 ascendit
754 885 863 941 motus
877 883 910 940 et
924 879 992 941 exit

306 981 470 1059 paulatim
483 990 612 1047 nostros
627 985 670 1048 ad
685 1005 807 1063 sensus,
823 993 862 1050 ut
876 995 1073 1053 moueantur

307 1090 365 1155 illa
381 1111 519 1169 quoque,
537 1092 573 1155 in
589 1094 665 1156 solis
682 1115 765 1172 quae
781 1096 905 1160 lumine
922 1117 1054 1160 cernere
1070 1098 1201 1176 quimus

305 1221 366 1264 nec
381 1201 501 1279 quibus
515 1201 551 1264 id
567 1203 695 1266 faciant
711 1204 819 1283 plagis
834 1213 974 1284 apparet
991 1215 1114 1285 aperte.

600 1477 650 1527 DE
678 1478 915 1529 CELERITATE
942 1480 1070 1531 Mouvs

368 1566 465 1627 Nunc
482 1587 565 1643 quae
582 1567 747 1630 mobilitas
762 1568 806 1631 sit
822 1569 955 1632 reddita
970 1570 1122 1633 materiai

305 1674 507 1752 corporibus,
522 1676 637 1753 paucis
650 1676 727 1740 licet
740 1677 817 1740 hinc
831 1698 1032 1756 cognoscere,
1048 1680 1190 1744 Memmi.
1208 1755 1212 1763 Ι

305 1784 451 1862 primum
468 1805 590 1848 aurora
605 1806 692 1848 nouo
708 1806 782 1849 cum
799 1788 927 1865 spargit
944 1789 1069 1853 lumine
1085 1796 1193 1853 terras

305 1899 338 1957 et
353 1894 468 1957 uariae
485 1895 636 1958 uolucres
652 1915 786 1959 nemora
803 1897 880 1959 auia
896 1898 1136 1976 peruolitantes

305 2024 383 2067 aera
398 2024 458 2082 per
472 2010 623 2067 tenerum
639 2004 775 2082 liquidis
790 2007 861 2069 loca
876 2007 1011 2070 uocibus
1028 2010 1174 2087 opplent,
1238 2034 1240 2041 ·

305 2133 404 2190 quam
420 2113 528 2176 subito
545 2115 646 2177 soleat
663 2116 711 2177 sol
727 2121 819 2178 ortus
833 2122 980 2194 tempore
997 2117 1058 2180 tali

304 2223 488 2287 conuestirc
503 2243 565 2286 sua
579 2223 786 2302 perfundens
802 2226 912 2289 omnia
925 2227 1007 2303 luce,

280 2333 283 2337 ’
305 2332 455 2395 omnibus
471 2332 507 2394 in
523 2341 681 2411 promptu
697 2334 975 2412 manifestumque
992 2356 1058 2398 esse
1074 2337 1235 2400 uidemus.

262 2448 339 2504 -ut
355 2462 462 2520 uapor
476 2442 505 2504 is
521 2463 617 2520 quem
633 2444 681 2505 sol
695 2443 800 2506 mittit
816 2444 991 2521 lumenque
1007 2466 1158 2509 serenum

303 2572 370 2614 non
385 2552 558 2629 perinane
573 2559 660 2615 meat
675 2574 835 2630 uacuum;
852 2574 918 2631 quo
932 2554 1062 2617 tardius
1079 2555 1127 2619 ire

304 2661 443 2739 cogitur,
459 2662 565 2725 aerias
580 2662 675 2740 quasi
691 2664 770 2724 dum
787 2662 977 2726 diuerberat
993 2665 1109 2727 undas.

303 2791 362 2833 aec
378 2770 573 2849 singillatim
589 2773 786 2849 corpuscula
800 2791 947 2849 quaeque
963 2774 1099 2851 uaporis

303 2882 360 2943 sed
376 2882 544 2958 complexa
557 2888 669 2944 meant
683 2881 771 2944 inter
786 2902 819 2944 se
834 2901 958 2958 conque
974 2883 1123 2960 globata3

303 2997 508 3068 quapropter
523 2990 622 3053 simul
638 2991 726 3052 inter
742 3012 775 3054 se
797 2993 1095 3062 <re>trahuntur
1111 2999 1143 3056 et
1161 3001 1256 3057 extra
1337 3013 1340 3017 ·

303 3099 501 3176 officiuntur,
519 3100 571 3162 uti
588 3107 749 3178 cogantur
765 3099 896 3163 tardius
913 3100 971 3164 ire.

260 3217 338 3273 -ot
354 3229 437 3287 quae
453 3216 531 3273 sunt
548 3209 653 3272 solida
668 3209 852 3287 primordia
866 3209 1088 3288 simplicitate,

303 3339 377 3383 cum
392 3339 452 3397 per
465 3318 564 3382 inane
578 3325 689 3381 meant
703 3339 846 3381 uacuum
859 3338 920 3382 nee
934 3340 986 3382 res
1000 3328 1186 3384 remoratur

302 3429 372 3492 ulla
387 3428 479 3506 foris,
497 3436 595 3505 atque
611 3428 684 3505 ipsa
699 3427 767 3490 suis
783 3448 800 3489 e
817 3427 969 3505 partibus
984 3449 1099 3507 unum,

302 3559 407 3602 unum
422 3538 457 3598 in
472 3558 568 3615 quem
583 3558 717 3615 coepere
732 3537 840 3599 locum
855 3557 977 3600 conexa
992 3536 1160 3616 feruntur,

302 3649 422 3711 debent
439 3646 596 3710 nimirum
613 3646 809 3724 praecellere
826 3646 1008 3709 mobilitate

267 3739 272 3748 ⁹
302 3764 334 3821 et
349 3758 454 3821 multo
469 3756 567 3819 citius
583 3756 667 3819 ferri
682 3776 782 3833 quam
797 3755 924 3818 lumina
939 3755 1017 3832 solis

301 3867 540 3945 multiplexque
559 3864 621 3929 loci
638 3864 784 3942 spatium
801 3871 1028 3927 transcurrere
1046 3866 1158 3928 eodem

301 3984 448 4054 tempore
463 3995 528 4054 quo
542 3974 619 4038 solis
634 3974 833 4052 peruolgant
847 3972 985 4050 fulgura
1001 3975 1127 4037 caelum

320 4135 370 4185 160
380 4133 453 4193 vulp.
468 4127 564 4180 conixa
821 4081 838 4117 ᾗ

804 4205 861 4256 [44]
