3234 4686
613 462 644 511 Τ.
664 461 827 513 arcana]
847 461 936 512 CARI

241 684 370 740 uertere
387 676 423 737 in
438 676 628 753 utilitatem,
646 684 680 739 at
697 683 834 739 uentum
850 683 882 739 et
900 675 1027 753 frigora
1044 695 1181 752 semper.

241 786 276 848 in
293 786 412 849 fluuios
428 786 552 865 partim
569 786 694 864 gelidos
711 785 863 849 ardentia
879 787 991 848 morbo

240 898 385 959 membra
403 898 528 959 dabant
545 897 673 959 nudum
691 896 846 959 iacientes
863 916 982 973 corpus
1000 896 1035 956 in
1052 896 1168 958 undas.

241 1006 338 1069 multi
356 1006 554 1085 praecipites
571 1006 727 1084 nymphis
744 1005 933 1083 putealibus
951 1006 1016 1068 alte

241 1115 431 1179 inciderunt
448 1116 521 1194 ipso
536 1116 708 1180 uenientes
724 1137 779 1179 ore
795 1122 946 1194 patente:

242 1225 467 1289 insedabiliter
483 1226 556 1289 sitis
573 1227 677 1302 arida,
695 1245 833 1303 corpora
848 1245 1004 1302 mersans,

242 1338 403 1414 aequabat
422 1337 563 1399 multum
582 1336 697 1416 paruis
715 1335 884 1398 umoribus
902 1336 1048 1399 imbrem.

199 1466 301 1509 -nec
317 1446 446 1524 requies
464 1455 535 1509 erat
553 1447 622 1509 ulla
638 1446 734 1509 mali:
753 1445 882 1508 defessa
899 1445 1050 1508 iacebant

242 1576 389 1634 corpora.
427 1558 594 1619 mussabat
610 1557 712 1619 tacito
729 1556 891 1619 medicina
907 1555 1034 1633 timore,

242 1666 365 1744 quippe
382 1665 532 1744 patentia
547 1687 621 1728 oum
637 1666 758 1729 totiens
775 1666 927 1729 ardentia
943 1665 1064 1728 morbis

241 1776 367 1839 lumina
385 1784 557 1840 uersarent
576 1777 744 1839 oculorum
762 1776 913 1852 expertia
929 1796 1050 1838 somno

199 1886 409 1963 -rnultaque
429 1893 601 1964 praeterea
616 1886 732 1948 mortis
750 1893 822 1948 tum
840 1885 935 1963 signa
953 1887 1130 1963 dabantur,

242 1998 436 2072 perturbata
455 1996 556 2059 animi
573 2017 665 2059 mens
682 1996 718 2057 in
735 2016 881 2059 maerore
897 2002 1062 2073 metuque,

242 2105 336 2168 triste
353 2106 576 2183 supercilium,
595 2106 742 2168 furiosus
760 2106 870 2169 uoltus
888 2114 919 2168 et
937 2126 1021 2181 acer,

241 2215 399 2279 sollicitae
415 2235 516 2292 porro
530 2216 711 2293 plenaeque
727 2216 898 2279 sonoribus
915 2236 1020 2293 aures,

241 2326 353 2387 creber
370 2324 510 2402 spiritus
526 2332 585 2388 aut
602 2325 718 2403 ingens
734 2346 874 2403 raroque
892 2333 1032 2402 coortus,

241 2435 434 2512 sudorisque
451 2436 587 2497 madens
604 2456 664 2513 per
682 2436 802 2498 collum
819 2436 1014 2513 splendidus
1029 2456 1133 2512 umor,

241 2544 355 2607 tenuia
370 2552 470 2621 sputa
485 2544 623 2621 minuta,
641 2546 726 2608 croci
742 2552 893 2609 contacta
909 2547 1015 2608 colore

241 2655 399 2731 salsaque,
416 2675 476 2732 per
491 2654 604 2717 fauces
619 2676 720 2719 rauca
735 2656 793 2718 uix
809 2656 898 2719 edita
914 2656 1006 2718 tussi.

241 2764 276 2825 in
292 2764 444 2827 manibus
459 2784 540 2827 uero
554 2765 651 2828 nerui
666 2767 797 2828 trahere
814 2773 846 2827 et
862 2771 1001 2828 tremere
1018 2773 1112 2828 artus

241 2895 261 2936 a
277 2874 479 2951 pedibusque
496 2874 686 2939 minutatim
703 2876 875 2940 succedere
893 2875 1002 2954 frigus

240 3003 307 3046 non
324 2984 507 3048 dubitabat.
546 2985 624 3048 item
642 2987 684 3048 ad
701 3006 892 3063 supremum
909 2985 1050 3062 denique
1066 2993 1197 3063 tempus

241 3113 432 3171 conpressae
449 3115 554 3171 nares,
573 3096 645 3158 nasi
663 3095 818 3173 primoris
834 3116 972 3158 acumen

240 3208 348 3280 tenue,
366 3205 477 3267 canati
494 3205 589 3282 oculi,
607 3226 689 3268 caua
706 3214 865 3282 tempora,
884 3205 1011 3283 frigida
1027 3206 1123 3284 pellis

223 3312 389 3391 lduraque
406 3314 442 3376 in
459 3334 513 3376 ore
531 3315 614 3378 iacet
631 3323 757 3377 rectum
774 3315 870 3378 frons
885 3322 977 3378 tenta
994 3317 1112 3378 mebat.

240 3443 299 3486 nec
315 3423 416 3487 nimio
433 3424 542 3502 rigida
561 3431 635 3502 post
653 3432 746 3487 artus
764 3432 867 3487 morte
886 3425 1045 3488 iacebant.

241 3540 420 3611 octauoque
440 3534 510 3597 fere
529 3534 684 3596 candenti
703 3535 826 3598 lumine
846 3535 922 3597 solis

241 3652 298 3705 aut
316 3644 414 3707 etiam
431 3664 518 3707 nona
535 3644 718 3706 reddebant
735 3645 887 3729 lampade
905 3645 1019 3707 uitam.

197 3773 380 3830 -quorum
395 3753 507 3830 siquis,
524 3761 562 3815 ut
579 3759 637 3828 est,
654 3752 780 3815 uitarat
797 3754 920 3816 funera
935 3754 1002 3830 leti,

234 3886 301 3934 1178
312 3886 383 3945 vulp.
398 3883 515 3947 lymphis

235 3953 301 4001 1180
313 3952 379 4013 fort.
396 3950 512 4001 flammis

235 4021 302 4069 1195
313 4021 379 4081 fort.
397 4019 522 4081 duraque
538 4020 594 4068 iam
610 4019 754 4068 auriculae
769 4025 882 4070 tractae
898 4020 979 4069 frons
994 4023 1076 4070 tenta
1093 4020 1227 4070 manebat

234 4087 301 4135 1199
313 4088 379 4148 fort.
397 4087 453 4135 iam
470 4085 580 4136 vitarat

733 4230 807 4282 [255]
