3234 4686
529 443 560 491 T.
580 442 743 493 LVCRETI
763 442 852 493 CARI

153 658 299 734 augebat
315 678 405 720 mare
420 658 587 720 manando
603 678 799 735 camposque
815 657 972 733 natantis,

153 772 187 828 et
205 773 301 829 tanto
316 766 421 844 magis
437 766 496 830 illa
511 766 603 830 foras
619 768 731 845 elapsa
746 768 905 830 uolebant

154 895 297 952 corpora
311 877 417 939 multa
433 876 568 954 uaporis
584 884 616 939 et
632 876 718 939 aeris
734 878 866 954 altaque
882 876 963 938 caeli

152 985 340 1048 densabant
356 986 473 1062 procul
489 1005 508 1048 a
522 986 622 1048 terris
637 985 805 1063 fulgentia
820 986 952 1062 templa.

153 1094 309 1156 sidebant
326 1094 443 1172 campi,
461 1096 649 1158 crescebant
666 1095 833 1157 montibus
849 1094 925 1158 altis

154 1223 326 1279 ascensus3
343 1223 448 1280 neque
464 1204 551 1265 enim
567 1211 721 1281 poterant
737 1203 904 1267 subsidere
920 1224 1001 1267 saxa

153 1332 216 1376 neo
234 1312 362 1390 pariter
377 1314 575 1376 tantundem
594 1333 705 1376 omnes
721 1314 930 1377 succumbere
947 1311 1064 1390 partis.

221 1421 276 1485 Sic
294 1422 398 1500 igitur
415 1429 524 1485 terrae
542 1430 694 1485 concreto
711 1442 846 1500 corpore
864 1424 995 1501 pondus

155 1531 307 1594 constitit
322 1539 422 1609 atque
437 1532 543 1594 omnis
558 1532 675 1594 mundi
691 1532 785 1609 quasi
800 1532 899 1595 limus
915 1532 951 1593 in
967 1532 1069 1595 imum

154 1641 318 1703 confluxit
333 1641 446 1719 grauis
462 1647 494 1705 et
509 1642 656 1704 subsedit
672 1641 827 1704 funditus
843 1650 882 1704 ut
898 1641 993 1718 faex;

154 1751 235 1814 inde
250 1770 341 1813 mare
355 1750 432 1812 inde
449 1771 505 1813 aer
522 1751 598 1815 inde
615 1752 728 1814 aether
743 1751 867 1828 ignifer
884 1751 954 1829 ipse

154 1860 351 1937 corporibus
367 1860 503 1937 liquidis
519 1869 598 1923 sunt
615 1861 725 1923 omnia
741 1882 827 1938 pura
843 1861 968 1937 relicta,

156 1977 188 2033 et
204 1969 331 2032 leuiora
347 1969 420 2032 aliis
435 1970 509 2045 alia,
526 1978 558 2032 et
573 1970 810 2047 liquidissimus
826 1971 938 2033 aether

155 2086 257 2156 atque
273 2079 458 2141 leuissimus
475 2079 582 2143 aerias
595 2100 696 2157 super
712 2079 824 2142 influit
840 2100 948 2157 auras,

155 2208 216 2251 nec
234 2187 400 2264 liquidum
418 2208 538 2266 corpus
555 2189 769 2251 turbantibus
786 2189 871 2252 aeris
890 2189 981 2252 auris

155 2297 360 2373 commiscet;
377 2298 458 2359 sinit
473 2299 552 2360 haec
567 2298 722 2360 uiolentis
738 2298 848 2362 omnia
863 2299 951 2360 uerti

154 2406 358 2483 turbinibus,
374 2407 455 2469 sinit
470 2407 605 2470 incertis
620 2408 756 2470 turbare
772 2408 933 2485 procellis,

155 2516 228 2594 ipse
246 2536 321 2578 suos
339 2516 425 2593 ignis
443 2523 531 2579 certo
550 2516 618 2579 fert
636 2517 757 2594 impete
774 2517 897 2580 labens.

141 2626 236 2701 (nam
253 2625 378 2689 modice
396 2627 498 2688 fluere
516 2632 614 2703 atque
630 2646 698 2689 uno
715 2647 808 2704 posse
826 2629 960 2690 aethera
977 2627 1051 2690 nisu

157 2734 324 2813 significat
340 2735 439 2797 Ponti
455 2755 545 2797 mare
562 2742 651 2798 certo
667 2737 754 2812 quod
771 2736 845 2798 fluit
862 2743 955 2799 aestu

156 2865 262 2907 unum
278 2845 411 2907 labendi
426 2863 624 2907 conseruans
639 2865 742 2922 usque
758 2847 930 2922 tenorem.)

222 3037 368 3099 Motibus
383 3045 548 3101 astrorum
563 3059 652 3101 nune
667 3059 750 3115 quae
766 3039 809 3101 sit
825 3059 924 3102 causa
939 3060 1103 3102 canamus.

158 3146 332 3224 Principio
345 3168 485 3224 magnus
502 3148 582 3209 caeli
598 3147 627 3209 si
642 3148 790 3211 uortitur
806 3149 903 3225 orbis,

159 3279 199 3320 ex
215 3264 357 3334 utraque
374 3257 486 3333 polum
503 3257 593 3334 parti
610 3278 757 3335 premere
774 3279 852 3321 aera
867 3258 960 3320 nobis

159 3367 337 3429 dicendum
356 3373 404 3428 est
423 3372 580 3443 extraque
598 3372 709 3439 tenere
729 3373 761 3429 et
779 3367 931 3431 claudere
949 3367 1133 3444 utrimque3

159 3475 237 3539 inde
256 3475 358 3538 alium
374 3495 477 3552 supra
495 3476 596 3539 fluere
614 3483 713 3552 atque
731 3475 903 3539 intendere
920 3476 1032 3539 eodem

161 3605 226 3661 quo
242 3585 410 3647 uoluendo
426 3584 550 3647 micant
569 3584 695 3646 aeterni
711 3585 821 3647 sidera
838 3584 972 3661 mundi;

162 3701 220 3757 aut
240 3693 342 3757 alium
361 3700 486 3771 supter,
507 3700 622 3756 contra
642 3693 698 3770 qui
718 3694 880 3756 subuehat
901 3695 1020 3770 orbem,

161 3810 198 3865 ut
214 3802 335 3865 fluuios
348 3822 481 3864 uersare
497 3809 587 3864 rotas
603 3808 701 3878 atque
716 3801 856 3864 haustra
870 3801 1030 3864 uidemus.

172 3933 222 3981 491
232 3934 305 3994 vulp.
323 3931 473 3982 densebant

173 4002 222 4051 507
232 4001 325 4051 Ponto
359 4000 431 4060 culp.
449 3999 552 4049 Pontos

174 4069 224 4118 514
233 4069 301 4130 fort.
317 4067 445 4118 nocturni
