3234 4686
664 429 716 479 DE
735 429 867 479 RERVM
884 429 1039 479 NATVRA
1061 430 1102 479 VI

372 649 404 705 et
419 644 550 706 ualidas
565 651 664 722 auget
678 644 762 707 uiris
778 650 810 709 et
824 646 958 708 roborat
973 645 1085 708 ictum.

329 773 448 815 —nam
466 753 549 816 facit
565 759 604 816 ut
621 774 704 831 quae
720 754 788 816 sint
805 755 895 817 illius
912 755 1037 818 semina
1053 776 1191 834 cumque

372 884 389 926 e
403 862 536 941 regione
551 865 658 926 locum
674 863 768 942 quasi
783 864 818 925 in
833 885 938 927 unum
953 873 1073 928 cuncta
1087 865 1252 942 ferantur,

372 972 482 1036 omnia
496 973 659 1035 coniciens
674 973 709 1034 in
724 993 798 1036 eum
813 974 984 1038 uoluentis
1000 995 1142 1037 cursum.

328 1082 515 1159 —sorsitan
530 1104 570 1147 ex
585 1083 656 1160 ipso
672 1084 808 1147 ueniens
823 1085 936 1147 trahat
953 1105 1027 1149 aere
1043 1085 1205 1162 quaedam

371 1212 511 1270 corpora
525 1212 608 1270 quae
624 1193 732 1271 plagis
746 1193 929 1256 incendunt
944 1194 1169 1257 mobilitatem.

372 1301 608 1379 incolumisque
623 1303 716 1365 uenit
732 1324 792 1381 per
807 1324 859 1366 res
874 1311 973 1381 atque
989 1303 1119 1381 integra
1134 1304 1257 1366 transit

371 1412 486 1488 multa,
502 1411 722 1475 foraminibus
737 1413 884 1490 liquidus
901 1413 979 1491 quia
993 1413 1160 1476 transuiat
1177 1413 1273 1492 ignis.
1352 1492 1355 1499 ι

371 1522 540 1598 multaque
555 1522 698 1600 pertigit,
715 1544 789 1585 cum
804 1543 942 1601 corpora
958 1523 1109 1586 fulminis
1125 1523 1197 1602 ipsa

372 1631 564 1708 corporibus
580 1652 691 1694 rerum
707 1632 907 1709 inciderunt,
925 1654 990 1710 qua
1006 1640 1098 1695 texta
1113 1640 1280 1696 tenentur.

390 1740 594 1804 —Dissoluit
612 1762 712 1820 porro
728 1741 826 1805 facile
845 1763 898 1805 aes
916 1763 1099 1820 aurumque
1116 1750 1252 1821 repente

371 1850 622 1927 conferuefacit,
638 1871 654 1912 e
670 1851 785 1928 paruis
801 1852 879 1928 quia
894 1851 985 1915 facta
993 1852 1127 1915 minute

371 1960 563 2037 corporibus
576 1960 628 2023 uis
641 1969 689 2024 est
703 1968 735 2024 at
749 1962 878 2024 leuibus
892 1983 931 2025 ex
946 1962 1122 2039 elementis,

371 2089 454 2147 quae
469 2069 567 2132 facile
582 2070 797 2133 insinuantur
812 2079 844 2133 et
859 2070 1029 2134 insinuata
1042 2079 1177 2149 repente

371 2179 553 2242 dissoluont
568 2181 670 2243 nodos
684 2180 789 2243 omnis
804 2188 836 2243 et
851 2181 963 2244 uincla
977 2181 1138 2244 relaxant.

432 2370 622 2420 AVTVMNO
643 2370 763 2421 MAGIS
781 2371 961 2421 FLVMINA
980 2372 1028 2421 ΕΤ
1047 2371 1243 2422 TONI'PRVA
1261 2373 1366 2423 FIERI

433 2460 669 2536 Autumnoque
685 2459 789 2537 magis
805 2460 908 2522 stellis
924 2460 1131 2537 fulgentibus
1146 2469 1226 2538 apta

371 2568 559 2631 concutitur
577 2569 658 2631 caeli
675 2570 791 2631 domus
807 2569 955 2647 undique
971 2575 1106 2647 totaque
1123 2570 1230 2646 tellus,
1305 2548 1310 2565 ¹

371 2686 403 2741 et
419 2699 493 2740 cum
508 2685 657 2756 tempora
673 2698 705 2740 se
721 2679 812 2740 ueris
826 2678 978 2742 florentia
993 2681 1157 2757 pandunt.

370 2787 496 2865 frigore
511 2787 598 2849 enim
613 2789 732 2850 desunt
748 2788 840 2866 ignes
854 2788 1011 2865 uentique
1026 2790 1132 2852 calore

370 2897 528 2960 deficiunt
544 2918 649 2975 neque
665 2904 743 2959 sunt
758 2904 826 2960 tam
843 2899 943 2960 denso
959 2918 1094 2975 corpore
1110 2901 1222 2961 nubes.

371 3007 617 3084 interutrasque
636 3007 739 3085 igitur
758 3028 832 3069 curn
851 3007 931 3070 caeli
950 3016 1098 3085 tempora
1117 3016 1278 3084 constant,

370 3124 442 3179 tum
457 3116 571 3180 uariae
588 3138 704 3180 causae
721 3125 923 3179 concurrunt
940 3116 1091 3179 fulminis
1109 3138 1227 3180 omnes.

327 3246 447 3288 -nam
465 3225 573 3290 fretus
590 3226 660 3304 ipse
679 3226 758 3289 anni
776 3227 950 3305 permiscet
968 3226 1078 3304 frigus
1099 3234 1205 3298 <et>
1229 3235 1365 3304 aestum,

371 3356 510 3413 quorum
526 3343 704 3412 utrumque
720 3356 803 3413 opus
819 3342 867 3399 est
884 3335 1081 3399 fabricanda
1096 3338 1139 3399 ad
1154 3336 1298 3400 fulmina
1312 3337 1413 3412 nobis,
1463 3322 1504 3376 3⁶⁵

369 3452 408 3508 ut
428 3445 592 3508 discordia
616 3445 733 3516 <sit>
758 3466 869 3508 rerum
888 3465 1071 3523 magnoque
1090 3447 1238 3509 tumultu

371 3554 503 3632 ignibus
520 3562 551 3618 et
568 3554 678 3617 uentis
695 3554 900 3617 furibundus
916 3555 1054 3617 fluctuet
1071 3576 1136 3618 aer.

325 3721 326 3725 ,
369 3665 478 3742 prima
497 3664 615 3727 caloris
633 3664 720 3727 enim
738 3684 816 3741 pars
835 3671 882 3727 est
901 3670 1067 3742 postrema
1085 3664 1221 3742 rigoris3

370 3781 500 3851 tempus
516 3773 549 3835 id
565 3780 613 3837 est
628 3794 785 3850 uernum;
802 3793 903 3851 quare
920 3794 1070 3851 pugnare
1086 3781 1245 3837 necessest

380 3906 431 3953 349
441 3905 513 3965 vulp.
532 3904 685 3954 transvolat
722 3905 789 3966 fort.
809 3903 949 3954 transfluit

381 3972 431 4021 350
442 3972 491 4020 alta·
507 3970 659 4036 perfringit

381 4042 432 4089 365
442 4041 514 4099 culp.
529 4039 596 4090 nubi

381 4108 431 4157 368
442 4107 514 4169 vulp.
530 4112 557 4157 et
