3234 4684
481 434 532 484 DE
550 436 683 486 RERVM
700 436 855 487 NATVBA
875 437 892 486 1

169 651 203 706 et
220 645 278 722 qui
294 645 497 725 principium
515 647 695 725 gignundis
712 669 790 712 aera
805 650 903 712 rebus

169 755 380 833 constituere,
398 764 457 819 aut
472 777 619 821 umorem
635 757 833 836 quicumque
850 766 1014 837 putantue

168 863 294 942 fingere
309 885 361 928 res
376 866 486 944 ipsum
501 887 561 945 per
576 888 609 931 se
624 875 791 931 terramue
806 888 917 932 creare

170 975 282 1038 omnia
297 982 330 1038 et
346 975 382 1037 in
397 997 509 1039 rerum
526 984 665 1040 naturas
681 977 806 1041 uertier
823 978 937 1055 omnis,

73 1081 75 1084 ’
168 1103 292 1161 magno
307 1104 404 1162 opere
422 1106 441 1148 a
458 1106 538 1149 uero
553 1087 649 1165 longe
668 1088 815 1150 derrasse
832 1088 1002 1151 uidentur.

235 1194 332 1258 Adde
349 1194 448 1258 etiam
466 1195 523 1273 qui
541 1197 777 1274 conduplicant
794 1196 977 1274 primordia
995 1218 1107 1260 rerum

170 1323 249 1366 aera
267 1303 441 1381 iungentes
455 1304 526 1383 igni
542 1312 731 1383 terramque
748 1306 879 1383 liquori,

169 1420 205 1476 et
222 1413 279 1490 qui
295 1421 453 1490 quattuor
470 1436 509 1478 ex
525 1416 625 1478 rebus
640 1435 732 1494 posse
750 1416 858 1479 omnia
876 1423 994 1479 rentur

170 1544 213 1586 ex
228 1523 298 1600 igni
312 1531 402 1586 terra
417 1530 516 1602 atque
532 1525 643 1595 anima
656 1545 861 1602 procrescere
877 1533 908 1589 et
924 1525 1032 1589 imbri.

485 1629 636 1681 CONTRA
656 1630 920 1682 EMPEDOOLEM

170 1737 312 1795 quorum
329 1719 577 1796 Acragantinus
593 1740 668 1782 cum
684 1720 801 1798 primis
818 1721 1033 1799 Empedocles
1050 1728 1109 1798 est,

170 1827 282 1890 insula
299 1848 396 1905 quem
411 1828 586 1906 triquetris
602 1837 767 1892 terrarum
785 1830 884 1907 gessit
902 1830 937 1892 in
955 1805 1029 1907 oris,

170 1957 271 2013 quam
289 1937 424 2001 fluitans
442 1938 566 2001 circum
583 1939 712 2017 magnis
730 1940 938 2002 anfractibus
956 1960 1078 2017 aequor

171 2046 304 2109 Ionium
322 2047 449 2124 glaucis
465 2048 614 2126 aspargit
632 2048 727 2112 uirus
738 2051 785 2113 ab
803 2050 912 2126 undis,

171 2164 377 2234 angustoque
394 2156 485 2220 fretu
501 2158 657 2236 rapidum
673 2180 764 2222 mare
781 2159 902 2222 dividit
918 2159 1017 2221 undis

171 2266 291 2337 ltaliae
307 2272 474 2330 terrarum
491 2287 566 2330 oras
581 2289 600 2331 a
617 2268 739 2331 finibus
755 2268 834 2331 eius.

156 2375 227 2451 (hic
244 2382 292 2439 est
308 2382 404 2439 uasta
423 2377 609 2454 Charybdis
626 2384 657 2441 et
674 2378 727 2441 hic
744 2379 893 2442 Aetnaea
910 2378 1082 2441 minantur

171 2506 344 2549 murmura
362 2486 568 2549 flammarum
586 2508 720 2549 rursum
737 2507 770 2549 se
789 2487 940 2565 colligere
958 2487 1035 2565 iras,
1171 2468 1173 2475 Ι

172 2594 327 2658 faucibus
343 2602 479 2674 eruptos
494 2597 615 2659 iterum
631 2596 683 2659 uis
699 2603 737 2659 ut
754 2604 866 2660 uomat
882 2597 968 2675 ignis

172 2705 216 2767 ad
232 2705 421 2783 caelumque
438 2706 526 2768 ferat
542 2706 686 2769 flammai
702 2706 840 2784 fulgura
856 2727 998 2769 rursum.

174 2834 257 2892 quae
273 2835 347 2876 cum
364 2836 484 2893 magna
500 2815 605 2878 modis
621 2816 735 2879 multis
752 2816 905 2879 miranda
921 2816 1057 2879 uidetur
1082 2874 1084 2878 .

173 2924 328 3001 gentibus
344 2924 498 2988 humanis
514 2925 606 3003 regio
621 2925 824 3002 uisendaque
836 2925 963 3002 fertur,

173 3035 273 3096 rebus
289 3033 398 3111 opima
415 3034 518 3111 bonis,
536 3036 642 3098 multa
659 3035 788 3098 munita
806 3035 915 3097 uirum
935 3035 981 3112 ui,

173 3143 223 3204 nil
238 3150 349 3206 tamen
365 3145 425 3206 hoc
441 3144 593 3208 habuisse
609 3144 684 3207 uiro
700 3144 903 3222 praeclarius
920 3145 955 3206 in
972 3166 1005 3209 se

173 3272 232 3315 nec
249 3260 399 3316 sanctum
415 3254 520 3331 magis
537 3261 569 3317 et
585 3254 706 3317 mirum
723 3274 900 3331 earumque
917 3254 1063 3317 uidetur.

175 3363 321 3425 carmina
339 3363 420 3440 quin
438 3364 537 3426 etiam
554 3363 663 3425 diuini
681 3363 824 3441 pectoris
841 3363 911 3426 eius

174 3470 405 3538 uociferantur
421 3478 453 3533 et
470 3479 640 3549 exponunt
656 3473 828 3550 praeclara
843 3479 985 3550 reperta,

174 3585 212 3643 ut
229 3580 289 3643 uix
305 3581 451 3644 humana
466 3581 623 3644 uideatur
640 3581 744 3659 stirpe
762 3582 918 3657 creatus.)

192 3690 303 3753 —Hic
318 3697 429 3753 tamen
445 3699 477 3753 et
493 3710 596 3768 supra
613 3711 694 3767 quos
711 3690 854 3752 diximus
872 3690 1046 3753 inferiores

174 3799 326 3876 partibus
344 3800 471 3877 egregie
488 3800 602 3862 multis
619 3801 787 3876 multoque
803 3799 955 3876 minores,

175 3929 373 3986 quamquam
387 3909 492 3972 multa
507 3911 588 3972 bene
604 3930 641 3972 ae
656 3908 822 3971 diuinitus
836 3908 1044 3971 inuenientes

185 4040 235 4091 708
244 4041 318 4103 cula.
334 4043 468 4105 putarunt
