3234 4686
537 487 568 537 Τ.
588 487 752 539 LVGBETI
771 487 860 538 CARI

119 723 264 780 —quam
281 702 413 779 quidem
428 708 467 765 ut
483 723 502 765 1
517 702 610 765 nobis
626 701 714 765 ratio
728 702 899 766 uerissima
914 703 1010 780 longe

164 811 290 888 reiciat,
308 832 506 890 quamquam
523 820 601 874 sunt
619 833 639 875 a
655 832 705 873 me
722 813 827 874 multa
844 811 1005 890 profecta,

91 957 94 959 Δ
164 923 271 984 multa
287 928 398 984 tamen
414 928 541 984 restant
559 927 591 984 et
608 928 686 984 sunt
703 922 852 984 ornanda
869 920 981 998 politis

163 1031 332 1107 uersibus;
351 1038 399 1094 est
416 1031 504 1093 ratio
520 1031 601 1094 eaeli
624 1030 921 1107 <fremitu>sque
938 1031 1090 1106 tenenda,

164 1148 243 1203 sunt
260 1146 471 1218 tempestates
486 1148 518 1204 et
535 1140 679 1204 fulmina
696 1142 785 1203 elara
801 1141 958 1216 canenda,

164 1250 246 1328 quid
263 1250 391 1313 faciant
407 1257 439 1313 et
455 1271 521 1328 qua
537 1251 581 1315 de'
593 1271 691 1313 eausa
708 1270 845 1326 eumque
863 1249 1035 1326 ferantur3

164 1380 206 1422 ne
221 1360 368 1437 trepides
384 1361 466 1423 eaeli
483 1360 599 1423 diuisis
615 1360 768 1438 partibus
784 1380 904 1435 amens

164 1471 253 1531 unde
269 1470 385 1532 uolans
401 1470 488 1547 ignis
503 1469 693 1547 peruenerit
710 1476 768 1532 aut
785 1468 820 1529 in
836 1475 947 1532 utram
963 1489 996 1531 se

164 1578 305 1642 uerterit
321 1579 399 1641 hine
415 1579 548 1657 partim,
566 1599 631 1656 que
647 1586 745 1656 paeto
760 1599 819 1656 per
836 1579 907 1640 loea
923 1585 1038 1655 saepta

165 1688 354 1764 insinuarit,
373 1695 404 1751 et
421 1689 498 1750 hine
515 1689 702 1750 dominatus
719 1696 757 1750 ut
774 1688 930 1750 extulerit
947 1707 989 1749 se.

149 1798 307 1875 (quorum
324 1818 461 1875 operum
477 1818 592 1860 causas
608 1798 701 1860 nulla
717 1797 845 1860 ratione
861 1796 975 1860 uidere

165 1915 303 1985 possunt
320 1928 357 1970 11
373 1907 445 1969 fieri
462 1907 577 1969 diuino
593 1907 727 1968 numine
745 1907 889 1982 rentur.)

165 2021 203 2079 tu
217 2016 299 2078 mihi
315 2037 487 2095 supremae
503 2017 707 2094 praeseribta
723 2018 765 2078 ad
782 2017 924 2079 eandida
941 2016 1038 2079 caleis

158 2126 314 2188 *currenti
331 2126 476 2204 spatium
495 2132 732 2203 praemonstra,
751 2126 871 2188 callida
889 2147 982 2189 musa

166 2236 323 2313 Calliope,
342 2235 471 2312 requies
488 2236 657 2297 hominurn
676 2235 851 2312 diuomque
869 2236 1035 2313 uoluptas,

165 2352 198 2408 te
218 2346 300 2408 duee
320 2352 358 2407 ut
378 2344 501 2422 insigni
521 2345 649 2422 sapiam
669 2365 744 2406 eum
762 2345 860 2407 laude
881 2365 1043 2407 eoronam.

573 2705 624 2754 DE
646 2704 815 2754 TONI'PRV

229 2792 400 2870 Principio
416 2793 544 2856 tonitru
561 2793 760 2870 quatiuntur
777 2794 909 2856 eaerula
925 2793 1007 2856 eaeli

166 2909 341 2980 propterea
359 2902 437 2979 quia
455 2910 657 2966 concurrunt
675 2903 812 2965 sublime
829 2903 979 2966 uolantes

166 3011 330 3074 aetheriae
347 3014 450 3074 nubes
466 3020 580 3075 eontra
597 3012 823 3090 pugnantibu’
841 3012 959 3075 uentis.

165 3142 224 3183 161
240 3121 277 3184 fit
293 3121 380 3183 enim
395 3122 522 3185 sonitus
537 3123 618 3213 caeli
634 3124 674 3184 de
689 3129 784 3200 parte
801 3142 924 3198 serena,

166 3252 282 3294 uerum
299 3231 496 3308 ubicumque
513 3232 617 3309 magis
633 3233 734 3294 denso
750 3238 827 3293 sunt
845 3231 974 3309 agmine
991 3233 1103 3307 nubes,

165 3346 234 3402 tarn
248 3341 353 3419 magis
367 3340 445 3403 hine
460 3362 581 3418 magne
595 3341 748 3402 fremitus
764 3340 802 3403 fit
816 3362 985 3403 murmure
1002 3360 1106 3418 saepe.

165 3457 338 3527 praeterea
354 3471 459 3527 neque
476 3457 544 3512 tam
560 3451 724 3512 eondenso
739 3470 874 3528 corpore
890 3451 995 3512 nubes

166 3579 233 3621 esse
249 3566 374 3637 queunt
391 3580 489 3636 quam
504 3567 582 3621 sunt
596 3560 724 3637 lapides
739 3580 776 3621 11
791 3559 892 3636 ligna,
909 3579 1013 3635 neque
1030 3566 1139 3621 autem

166 3676 234 3730 tam
249 3676 366 3732 tenues
381 3690 479 3746 quam
497 3676 574 3731 sunt
591 3669 729 3732 nebulae
746 3668 895 3745 fumique
912 3669 1079 3744 uelantes3

165 3798 242 3841 nam
259 3779 374 3841 eadere
392 3785 450 3841 aut
466 3780 566 3841 brute
583 3778 737 3840 deberent
755 3778 900 3855 pondere
918 3797 1048 3855 pressae

165 3895 204 3950 ut
221 3888 358 3965 lapides,
376 3894 435 3950 aut
452 3896 490 3950 ut
508 3887 622 3949 fumus
638 3895 787 3950 constare
804 3887 979 3963 nequirent

194 4020 227 4068 83
237 4019 310 4078 vulp.
327 4018 482 4082 speciesque

177 4088 226 4136 103
236 4087 354 4152 pepides
369 4101 402 4136 ae
417 4087 498 4151 iigna
531 4085 598 4147 fort.
614 4089 714 4148 petrae
730 4086 895 4151 lapidesque

660 4256 733 4307 [217]
