3234 4686
546 437 576 485 T.
598 435 760 487 LVGRETI
780 435 868 486 canl

172 651 275 714 terrai
291 651 392 714 maris
408 659 441 714 11
456 651 538 714 11111
553 651 745 729 generisque
762 651 978 715 animantum.

236 761 301 823 Hic
317 781 422 838 neque
438 767 510 824 tum
526 761 602 823 solis
619 768 693 824 rota
708 761 798 824 cerni
814 761 939 823 lumine
954 761 1049 838 largo

173 871 351 933 altiuolans
368 877 505 948 poterat·
515 890 575 933 nec
591 871 704 948 magni
720 871 830 933 sidera
846 870 962 933 mundi
1089 865 1092 872 ’

172 1000 232 1043 nec
248 1001 338 1043 mare
353 1001 413 1043 nec
429 981 555 1042 caelum
571 1001 631 1043 nec
646 979 788 1057 denique
804 985 895 1044 terra
911 999 1017 1057 neque
1034 1000 1089 1042 aer

172 1110 232 1152 nec
248 1089 364 1151 similis
379 1089 501 1152 nostris
516 1091 615 1152 rebus
629 1109 680 1152 res
696 1090 766 1152 ulla
781 1089 899 1165 uideri,

173 1200 229 1262 sed
246 1220 334 1262 noua
349 1207 527 1277 tempestas
544 1200 705 1276 quaedam
721 1199 884 1276 molesque
901 1205 1012 1262 coorta

157 1309 356 1387 ,omnigenis
373 1331 389 1373 e
406 1309 590 1387 principiis,
609 1308 773 1371 discordia
791 1329 930 1385 quorum

172 1419 353 1482 interualla
368 1419 441 1482 uias
459 1438 600 1481 conexus
616 1418 765 1496 pondera
780 1419 896 1496 plagas

173 1548 351 1591 concursus
368 1524 476 1591 mdtus
494 1529 652 1591 turbabat
670 1527 795 1605 proelia
813 1528 960 1604 miscens,

173 1645 311 1716 propter
329 1637 497 1700 dissimilis
516 1636 640 1700 formas
657 1637 833 1714 uariasque
851 1637 976 1722 figuras

173 1749 262 1825 quod
277 1768 343 1810 non
359 1747 469 1810 omnia
484 1746 529 1810 sic
546 1753 700 1825 poterant
716 1747 892 1809 coniuncta
907 1767 1038 1810 manere

173 1877 233 1920 nec
250 1863 358 1919 motus
375 1856 463 1920 inter
480 1877 548 1920 sese
565 1858 645 1919 dare
662 1856 897 1919 conuenientia.

174 1966 337 2044 diffugere
356 1966 433 2029 inde
451 1966 514 2028 loci
533 1974 646 2044 partes
664 1986 797 2044 coepere
816 1986 976 2043 paresque

174 2097 249 2139 cum
264 2075 402 2153 paribus
418 2075 513 2153 iungi
529 2097 581 2139 res
599 2084 630 2139 et
647 2074 832 2139 discludere
848 2077 1009 2139 mundum

173 2187 382 2263 membraque
401 2185 550 2249 diuidere
568 2192 600 2248 et
616 2206 753 2263 magnas
770 2185 944 2263 disponere
962 2192 1082 2263 partes,

173 2295 234 2357 hoc
249 2302 306 2370 est,
323 2315 343 2357 1
356 2295 456 2357 terris
472 2296 576 2359 altum
592 2315 758 2358 secernere
774 2295 909 2370 caelum,

174 2411 206 2467 et
223 2424 350 2467 sorsum
367 2424 466 2481 mare,
483 2404 535 2467 uti
553 2411 678 2467 secreto
693 2424 806 2467 umore
826 2411 964 2482 pateret,

174 2533 302 2576 seorsus
319 2513 398 2576 item
415 2514 493 2591 puri
510 2514 690 2591 secretique
708 2514 849 2577 aetheris
866 2514 967 2591 ignes.

238 2623 370 2702 Quippe
388 2623 509 2686 etenim
527 2624 672 2701 primum
689 2624 793 2686 terrai
811 2644 951 2701 corpora
968 2643 1124 2701 quaeque,

174 2739 352 2811 propterea
368 2733 457 2809 quod
473 2740 568 2796 111111
585 2733 703 2811 grauia
719 2740 751 2797 et
769 2735 936 2811 perplexa,
954 2734 1085 2796 coibant

173 2842 209 2903 in
225 2841 333 2904 medio
348 2848 446 2919 atque
463 2841 544 2905 imas
560 2842 735 2920 capiebant
750 2843 861 2906 omnia
876 2844 984 2919 sedes;

175 2972 258 3029 quae
275 2958 399 3028 quanto
416 2951 520 3028 magis
536 2952 623 3014 inter
640 2973 673 3014 se
691 2953 848 3029 perplexa
865 2952 1006 3028 coibant,

174 3068 242 3123 tam
257 3061 362 3138 magis
378 3080 564 3139 expressere
580 3081 618 3123 ea
634 3081 717 3138 quae
733 3081 822 3123 mare
838 3062 947 3124 sidera
963 3063 1061 3123 solem
1154 3079 1157 3085 ’

174 3171 352 3247 lunamque
369 3170 532 3233 efficerent
548 3177 580 3233 et
596 3169 708 3247 magni
724 3171 852 3233 moenia
867 3171 993 3233 mundi.

175 3280 285 3342 omnia
299 3279 386 3341 enim
402 3279 506 3356 magis
521 3281 600 3342 haec
618 3299 633 3340 e
649 3280 778 3342 leuibus
795 3287 893 3356 atque
910 3280 1066 3342 rutundis

175 3389 353 3452 seminibus
369 3390 537 3466 multoque
554 3388 734 3452 minoribu’
750 3381 829 3451 sunt
847 3389 1014 3452 elementis

175 3520 273 3576 quam
289 3499 397 3561 tellus.

427 3608 507 3669 Ideo
524 3628 583 3685 per
600 3628 677 3669 rara
694 3607 861 3670 foramina
877 3614 985 3669 terrae

175 3717 327 3795 partibus
345 3737 520 3794 erumpens
537 3717 666 3795 primus
682 3737 714 3779 se
731 3717 867 3780 sustulit
884 3717 996 3779 aether

176 3827 299 3905 ignifer
315 3835 347 3889 et
362 3828 483 3890 multos
498 3847 607 3890 secum
622 3827 705 3888 leuis
721 3825 860 3904 apstulit
876 3826 972 3903 ignis,

187 3961 236 4009 440
247 3960 320 4020 culp.
338 3973 419 4009 omne
435 3974 523 4023 genus
541 3960 575 4009 de

186 4029 236 4078 458
247 4028 316 4090 fort.
333 4026 463 4077 faucibus
