3190 4682
542 424 572 473 Τ.
593 424 756 475 LVGBETI
776 424 865 476 saal

165 656 228 698 nec
245 643 357 699 tamen
375 638 545 715 explemur
562 637 648 701 uitai
665 638 832 702 fructibus
849 640 1022 716 umquam)

166 745 239 822 hoc,
254 752 293 808 ut
308 745 434 824 opinor,
451 747 486 808 id
503 754 560 824 est,
577 767 659 811 aeuo
674 748 810 811 florente
827 750 955 827 puellas

166 856 256 931 quod
271 864 454 919 memorant
468 857 599 920 laticem
615 864 787 935 pertusum
802 877 976 935 congerere
991 857 1027 919 in
1042 878 1112 936 uas,

167 965 258 1041 quod
272 971 383 1027 tamen
399 966 524 1043 expleri
539 967 633 1030 nulla
647 966 775 1029 ratione
791 973 950 1044 potestur.

167 1072 332 1137 Cerberus
353 1074 403 1150 (et
419 1074 529 1138 furiae
546 1075 611 1138 iam
627 1096 716 1152 uero,
735 1081 766 1139 et
782 1076 866 1138 lucis
883 1077 1024 1154 egestas)

166 1183 330 1246 Tartarus
346 1184 528 1247 horriferos
544 1191 697 1247 eructans
714 1184 868 1248 faucibus
885 1192 1003 1262 aestus,

121 1291 227 1369 —qui
243 1312 348 1370 neque
365 1300 443 1356 sunt
458 1313 599 1371 usquam
614 1314 674 1356 nec
691 1302 828 1372 possunt
847 1315 914 1358 esse
931 1295 1091 1373 profecto,

165 1403 224 1464 sed
239 1409 345 1464 metus
358 1402 393 1463 in
406 1403 479 1466 uita
493 1423 673 1480 poenarum
688 1424 750 1481 pro
762 1405 846 1467 male
861 1404 961 1467 factis

166 1518 216 1573 est
236 1510 420 1589 insignibus
437 1512 586 1590 insignis,
605 1512 799 1590 scelerisque
817 1514 914 1590 luela,

164 1640 280 1683 carcer
296 1627 329 1683 et
345 1621 514 1683 horribilis
531 1622 571 1684 de
588 1642 667 1684 saxo
683 1622 787 1685 iactu'
803 1622 966 1698 deorsum,

163 1730 307 1792 uerbera
324 1729 493 1793 carnifices
510 1732 611 1794 robur
628 1731 687 1809 pix
702 1732 859 1794 lammina
876 1732 1002 1809 taedae,

121 1859 252 1916 —quae
268 1845 379 1902 tamen
396 1839 457 1903 etsi
473 1842 603 1918 absunt,
622 1847 656 1903 at
672 1861 763 1902 mens
780 1841 843 1903 sibi
859 1842 988 1905 conscia
1005 1841 1103 1905 factis

165 1956 399 2027 praemetuens
415 1949 549 2012 adhibet
567 1949 717 2012 stimulos
734 1957 903 2028 torretque
921 1950 1060 2029 flagellis

164 2077 226 2120 nec
241 2057 336 2120 uidet
350 2057 477 2122 interea
492 2059 550 2136 qui
564 2059 726 2122 terminus
741 2079 808 2123 esse
822 2061 985 2123 malorum

165 2167 271 2245 possit
287 2187 347 2230 nec
365 2188 447 2245 quae
465 2168 508 2230 sit
525 2188 707 2246 poenarum
724 2169 866 2246 denique
883 2169 959 2231 finis

165 2283 267 2353 atque
284 2278 396 2339 eadem
413 2277 531 2340 metuit
548 2277 653 2355 magis
669 2279 749 2341 haec
766 2298 807 2340 ne
825 2278 861 2339 in
877 2286 981 2341 morte
999 2286 1204 2357 grauescant.

122 2386 220 2448 -hic
237 2387 421 2449 Acherusia
437 2386 475 2448 fit
492 2387 670 2449 stultorum
688 2387 829 2465 denique
846 2388 927 2450 uita.

230 2582 302 2643 Hoc
320 2581 419 2644 etiam
435 2582 497 2645 tibi
513 2589 585 2646 tute
603 2582 771 2645 interdum
789 2583 896 2645 dicere
915 2583 1018 2661 possis

166 2690 309 2753 ‘lumina
324 2690 368 2752 sis
384 2691 485 2753 oculis
500 2692 599 2755 etiam
613 2694 718 2754 bonus
733 2692 846 2754 Ancu’
860 2691 996 2769 reliquit

166 2800 225 2877 qui
240 2799 355 2863 melior
369 2800 483 2864 multis
499 2821 597 2878 quam
613 2808 652 2864 tu
668 2799 744 2877 fuit,
761 2801 918 2879 improbe,
934 2803 1041 2864 rebus,

166 2909 245 2973 inde
262 2909 319 2972 alii
335 2910 432 2973 multi
448 2930 541 2988 reges
556 2931 732 2987 rerumque
749 2917 899 2988 potentes

166 3018 368 3095 occiderunt,
384 3018 512 3097 magnis
528 3019 586 3096 qui
601 3019 755 3097 gentibus
770 3019 1015 3098 imperitarunt.

166 3128 223 3192 1116
239 3148 368 3205 quoque
383 3129 462 3206 ipse,
478 3129 568 3191 uiam
584 3129 641 3206 qui
657 3129 823 3206 quondam
839 3149 898 3206 per
914 3150 1004 3193 mare
1020 3150 1177 3207 maguum

166 3237 289 3300 strauit
303 3237 430 3314 iterque
444 3237 536 3300 dedit
550 3237 734 3315 legionibus
748 3238 796 3301 116
811 3259 871 3316 per
885 3239 989 3301 altum

167 3367 204 3410 ac
221 3347 361 3425 pedibus
378 3348 479 3409 salsas
496 3347 608 3409 docuit
625 3347 774 3425 superire
791 3348 930 3409 lucunas

167 3463 199 3519 et
215 3456 388 3520 contemsit
404 3456 495 3534 equis
513 3456 677 3519 insultans
692 3477 865 3519 murmura
882 3457 985 3534 ponti,

167 3566 291 3629 lumine
307 3565 462 3643 adempto
477 3565 620 3628 animam
635 3565 833 3628 moribundo
849 3585 984 3642 corpore
1000 3565 1100 3628 fudit.

167 3675 350 3753 Scipiadas
368 3674 445 3737 belli
463 3673 600 3749 fulmen,
621 3674 832 3752 Carthaginis
849 3675 976 3752 horror,

164 3794 238 3847 'ossa
251 3784 345 3846 dedit
356 3791 465 3846 terrae
479 3782 619 3860 proinde
633 3804 670 3847 ac
685 3783 791 3846 famul
805 3782 937 3845 infimus
951 3790 1042 3847 esset.

167 3894 251 3956 adde
267 3900 453 3971 repertores
469 3891 696 3954 doctrinarum
713 3899 811 3969 atque
827 3893 987 3969 leporum,

162 4024 399 4084 111111111111111.

661 4192 735 4243 [1151
