3190 4682
617 414 669 464 DE
687 414 819 464 RERVM
836 414 991 465 NATVRA
1010 415 1060 465 111

326 626 510 705 quicquam,
526 648 593 690 non
609 629 698 691 omni
714 648 825 692 somno
841 629 988 693 securius
1004 633 1132 693 exstat?
1176 638 1180 643 ’

351 816 455 882 QVAE
472 817 525 867 AD
541 817 706 868 INFEROS
723 817 920 869 DIOANTVR
936 819 988 869 EA
1005 819 1123 868 VITAE
1140 818 1250 868 VITIA
1268 816 1361 868 ESSE

387 906 499 983 Atque
517 927 555 969 ea
573 906 731 969 nimirum
750 927 973 984 quaecumque
991 908 1182 971 Acherunte
1202 905 1373 985 profundo

325 1014 460 1092 prodita
474 1023 552 1078 sunt
568 1035 645 1093 esse,
661 1015 696 1076 in
712 1016 784 1080 uita
799 1024 877 1080 sunt
894 1016 1003 1079 omnia
1018 1016 1121 1079 nobis,

282 1145 384 1187 —oec
399 1124 498 1187 miser
512 1124 697 1203 inpendens
712 1146 869 1203 magnum
884 1126 980 1189 timet
995 1147 1069 1190 aere
1085 1146 1201 1189 saxum

326 1234 495 1310 Tantalus,
514 1240 554 1296 ut
572 1232 704 1312 famost,
724 1255 815 1299 cassa
834 1233 1012 1299 formidine
1031 1242 1183 1313 torpens3

325 1343 382 1406 sed
398 1343 503 1421 magis
519 1343 555 1405 in
571 1343 643 1408 uita
660 1344 772 1407 diuom
787 1351 895 1407 metus
911 1351 1008 1422 urget
1025 1344 1134 1407 inanis

325 1452 475 1516 mortalis
491 1473 666 1530 casumque
682 1454 800 1516 timent
818 1474 913 1531 quem
930 1454 1047 1531 cuique
1065 1453 1154 1516 ferat
1171 1452 1251 1516 fors.

325 1582 384 1625 nec
402 1562 523 1638 Tityon
538 1564 689 1626 uolucres
704 1563 820 1626 ineunt
836 1564 1028 1626 Acherunte
1043 1564 1202 1626 iacentem

325 1691 394 1748 nec,
409 1673 497 1749 quod
511 1673 571 1736 sub
586 1693 707 1750 magno
720 1679 911 1736 scrutentur
926 1679 1067 1750 pectore,
1084 1672 1259 1750 quicquam
1424 1657 1468 1708 985

326 1788 521 1859 perpetuam
540 1788 680 1845 aetatem
697 1788 836 1859 possunt
852 1781 999 1859 reperire
1016 1781 1175 1860 profecto.

310 1890 507 1967 (quamlibet
523 1890 659 1953 immani
676 1891 826 1969 proiectu
842 1890 988 1969 corporis
1006 1897 1119 1968 exstet,

326 1999 383 2077 qui
399 2020 465 2062 non
480 2002 549 2063 sola
564 2020 682 2062 nouem
699 2001 853 2079 dispessis
869 2001 985 2078 iugera
999 2001 1153 2064 membris

327 2109 485 2187 optineat,
500 2110 556 2173 sed
571 2110 629 2187 qui
643 2110 747 2174 terrai
760 2110 864 2174 totius
879 2111 998 2188 orbem,

326 2238 392 2280 non
406 2226 516 2282 tamen
532 2227 702 2283 aeternum
718 2219 841 2298 poterit
855 2220 1005 2298 perferre
1020 2220 1166 2282 dolorem

326 2348 385 2390 nec
402 2330 559 2406 praebere
576 2329 685 2391 cibum
702 2329 839 2407 proprio
854 2330 894 2392 de
912 2349 1048 2407 corpore
1064 2330 1218 2407 semper.)

283 2438 383 2499 —sed
401 2438 514 2514 Tityos
530 2439 624 2500 nobis
639 2439 692 2501 hic
709 2446 766 2514 est,
784 2439 820 2499 in
837 2459 945 2502 amore
961 2439 1121 2502 iacentem

327 2568 423 2625 quem
439 2549 589 2610 uolucres
605 2549 753 2612 lacerant
769 2555 868 2625 atque
885 2555 974 2611 exest
991 2548 1109 2611 anxius
1127 2569 1229 2626 angor

326 2663 385 2720 aut
404 2657 468 2719 alia
486 2657 604 2734 quauis
621 2657 777 2720 scindunt
796 2658 981 2735 cuppedine
999 2678 1106 2720 curae.

327 2767 490 2844 Sisyphus
506 2767 541 2827 in
556 2766 628 2829 uita
643 2787 771 2844 quoque
787 2767 880 2830 nobis
896 2775 972 2830 ante
989 2768 1097 2829 oculos
1113 2774 1161 2830 est

327 2875 384 2952 qui
401 2882 512 2954 petere
530 2898 549 2939 a
566 2877 690 2954 populo
706 2876 811 2939 fasces
828 2896 1006 2953 saeuasque
1024 2896 1152 2939 secures

327 2985 456 3048 imbibit
473 2992 504 3048 et
520 3006 648 3063 semper
663 2985 774 3048 uictus
789 2985 958 3063 tristisque
976 2985 1109 3049 recedit.

284 3115 403 3157 -nam
418 3102 530 3172 petere
545 3094 720 3172 imperium
736 3095 823 3171 quod
839 3093 968 3157 inanest
983 3114 1042 3157 nec
1057 3096 1157 3157 datur
1172 3115 1338 3172 umquam,

327 3211 426 3281 atque
441 3204 477 3265 in
492 3224 528 3267 eo
543 3224 670 3281 semper
685 3205 806 3267 durum
822 3204 960 3267 sufferre
974 3205 1128 3280 laborem,

326 3315 387 3376 hoc
404 3321 452 3376 est
469 3314 610 3376 aduerso
625 3313 795 3376 nixantem
811 3314 946 3377 trudere
963 3320 1073 3376 monte

327 3443 442 3485 saxum
459 3423 546 3499 quod
564 3430 673 3484 tamen
695 3432 786 3493 <e>
807 3442 934 3484 summo
950 3422 1015 3484 iam
1032 3422 1156 3484 uertice
1173 3442 1288 3485 rusum

327 3532 477 3595 uoluitur
493 3538 525 3594 et
541 3532 634 3609 plani
650 3531 773 3609 raptim
789 3532 874 3609 petit
891 3551 1032 3608 aequora
1048 3532 1165 3609 campi.

284 3641 446 3705 —deinde
461 3640 563 3704 animi
578 3641 744 3719 ingratam
759 3647 915 3703 naturam
930 3661 1062 3718 pascere
1078 3662 1205 3719 semper

328 3758 426 3828 atque
442 3751 573 3827 explere
589 3750 683 3812 bonis
698 3752 796 3812 rebus
812 3749 996 3826 satiareque
1012 3771 1202 3827 numquam,

312 3861 415 3938 (quod
434 3860 564 3923 faciunt
581 3860 674 3921 nobis
691 3880 853 3922 annorum
869 3865 1028 3936 tempora,
1045 3859 1169 3922 circum

326 3990 401 4033 cum
417 3970 557 4032 redeunt
574 3969 727 4046 fetusque
743 3969 858 4031 ferunt
874 3967 1049 4046 uariosque
1065 3970 1201 4047 lepores,

339 4102 389 4151 993
400 4101 467 4163 sort.
486 4100 560 4149 liuor
577 4099 686 4150 lacerat

822 4183 897 4235 [114]
