3234 4686
599 451 650 500 DE
668 451 800 501 RERVM
818 450 973 500 NATVRA
997 451 1035 499 Vl

306 673 340 728 at
357 666 494 744 glaciem
510 666 662 729 dissoluit
680 672 712 730 et
729 666 807 729 altis
822 666 988 729 montibus
1005 667 1090 729 altas

305 783 616 853 extructas<que>
638 776 733 839 niues
748 776 853 839 radiis
868 778 1032 840 tabescere
1049 776 1152 854 cogit;

306 886 447 963 denique
464 905 539 949 cera
555 885 683 963 liquefit
700 886 735 947 in
752 886 822 949 eius
839 893 933 964 posta
949 906 1083 963 uapore.

304 994 391 1073 ignis
408 995 487 1058 item
503 994 668 1073 liquidum
685 995 768 1058 facit
785 1016 838 1059 aes
854 1015 1037 1073 aurumque
1053 995 1198 1072 resoluit,

305 1110 340 1167 at
355 1104 444 1168 coria
458 1112 490 1168 et
504 1126 635 1168 carnem
650 1105 755 1168 trahit
770 1114 802 1169 et
817 1106 971 1169 conducit
985 1106 1021 1166 in
1035 1126 1149 1168 unum.

305 1233 400 1276 umor
417 1234 521 1291 aquae
538 1233 639 1292 porro
655 1214 784 1277 ferrum
801 1215 964 1277 condurat
981 1216 1021 1277 ab
1039 1213 1118 1292 igni,

306 1331 341 1386 at
360 1322 450 1387 coria
468 1331 500 1386 et
519 1344 650 1386 carnem
668 1324 775 1387 mollit
794 1326 916 1387 durata
935 1326 1051 1387 calore.

263 1432 496 1510 —barbigeras
512 1433 650 1495 oleaster
666 1452 704 1495 eo
719 1432 815 1495 iuuat
831 1453 934 1510 usque
951 1433 1103 1510 capellas,

264 1574 267 1582 2
306 1542 415 1604 effluat
433 1542 595 1605 ambrosia
611 1542 706 1619 quasi
723 1563 811 1618 uero,
830 1549 862 1606 et
879 1550 1012 1606 nectare
1028 1542 1170 1619 tinctus3

291 1652 374 1729 (qua
389 1652 473 1713 nihil
488 1659 536 1714 est
551 1652 677 1714 homini
693 1654 780 1730 quod
797 1653 939 1715 amariu'
956 1652 1112 1715 frondeat
1128 1653 1231 1729 esca).

306 1760 448 1838 denique
466 1761 691 1824 amaracinum
709 1762 835 1840 fugitat
853 1782 908 1824 sus
927 1768 959 1826 et
976 1761 1070 1825 timet
1088 1782 1182 1825 omne

306 1878 507 1948 ungentum3
526 1892 603 1934 nam
621 1872 792 1950 saetigeris
810 1874 912 1935 subus
929 1892 1003 1935 acre
1021 1879 1225 1949 uenenumst‚

306 1981 393 2058 quod
411 2001 469 2043 nos
486 1981 655 2045 interdum
671 1989 841 2059 tamquam
857 2002 1005 2054 recreare
1021 1982 1166 2045 uidetur.

264 2098 342 2153 —at
359 2098 473 2154 contra
490 2091 584 2154 nobis
602 2112 738 2154 caenum
756 2092 926 2155 teterrima
943 2113 1018 2154 cum
1036 2092 1079 2154 sit

306 2200 491 2278 spurcities„
508 2202 620 2265 eadem
637 2204 739 2264 subus
754 2203 833 2265 haec
850 2202 996 2264 iucunda
1012 2202 1157 2279 uidetur,

306 2310 540 2373 insatiabiliter
559 2312 621 2374 toti
640 2320 678 2374 ut
697 2313 880 2374 uoluantur
898 2312 1028 2374 ibidem.

370 2421 442 2483 Hoc
460 2421 559 2484 etiam
576 2430 734 2498 superest,
754 2421 828 2499 ipsa
843 2442 942 2498 quam
959 2421 1068 2485 dicere
1084 2423 1125 2485 de
1142 2442 1178 2485 re

307 2530 483 2608 adgredior
499 2532 586 2608 quod
603 2532 778 2594 dicendum
795 2532 889 2608 prius
905 2551 972 2593 esse
988 2532 1133 2594 uidetur.

307 2641 413 2702 multa
429 2640 594 2703 foramina
612 2662 686 2703 cum
704 2641 808 2704 uariis
825 2641 892 2703 sint
910 2641 1042 2704 reddita
1060 2643 1166 2717 rebus

307 2749 459 2812 dissimili
477 2750 565 2812 inter
583 2771 615 2812 se
634 2757 756 2814 natura
774 2751 928 2829 praedita
943 2752 1065 2813 debent

307 2880 374 2923 esse
391 2866 423 2923 et
439 2861 559 2922 habere
576 2880 668 2922 suam
685 2869 840 2923 naturam
857 2881 1004 2938 quaeque
1022 2861 1167 2938 uiasque.

292 2969 432 3047 (quippe
450 2969 570 3031 etenim
587 2970 675 3032 uarii
692 2950 805 3033 sensus
823 2970 1046 3033 animantibus
1064 2971 1188 3047 insunt,

307 3099 447 3156 quorum
463 3079 601 3156 quisquc
617 3100 710 3142 suam
726 3080 861 3157 proprie
877 3100 946 3142 rem
963 3080 1105 3157 percipit
1122 3080 1157 3140 in
1173 3078 1233 3155 se.)

307 3209 384 3251 nam
401 3196 574 3266 penetrare
592 3189 657 3251 alio
672 3189 799 3251 sonitus
817 3189 945 3267 alioque
962 3209 1111 3266 saporem

307 3298 471 3361 cernimus
490 3320 507 3362 1
525 3298 620 3372 sucis,
640 3298 705 3361 alio
722 3298 848 3361 nidoris
868 3300 991 3361 odores,

306 3417 479 3485 praeterea
494 3428 629 3471 manare
647 3408 737 3471 aliud
756 3428 816 3485 per
833 3429 911 3471 saxa
928 3408 1072 3483 uidetur,

308 3524 407 3596 atque
424 3518 515 3581 aliud
532 3518 641 3596 lignis,
660 3518 752 3581 aliud
769 3518 912 3581 transire
930 3538 989 3595 per
1007 3538 1134 3593 aurum,

308 3636 508 3707 argentoque
525 3628 616 3691 foras
633 3627 725 3690 aliud
741 3627 894 3703 uitroque
911 3646 1028 3689 meare.

292 3739 385 3815 (nam
400 3738 502 3801 fluere
516 3739 577 3800 hac
592 3736 725 3814 species,
741 3735 817 3798 illac
833 3737 921 3798 calor
936 3735 984 3799 ire
999 3736 1144 3812 uidetur,

308 3855 406 3925 atque
423 3847 497 3911 aliis
514 3847 598 3910 aliut
614 3846 713 3909 citius
728 3845 954 3908 transmittere
971 3846 1110 3921 eadem.)

317 3981 446 4042 964sort.
470 3981 608 4028 extructas
631 3976 747 4041 ningues

318 4049 367 4096 971
380 4045 535 4096 ambrosias
572 4046 638 4106 sort.
657 4044 827 4094 ambrosiam

802 4213 876 4264 [248]
