3234 4686
616 485 667 534 DE
685 484 818 535 RERVM
835 485 990 534 NATVRA
1013 484 1053 534 1⁷1

324 718 398 760 cum
412 697 550 761 uideant
565 706 694 762 tantam
708 706 875 763 terrarum
891 699 1078 762 incumbere
1093 700 1220 762 molem.

324 808 411 885 quod
427 807 492 870 nisi
506 809 671 886 respirent
686 809 790 885 uenti,
806 809 858 872 uis
874 810 968 873 nulla
984 809 1131 872 refrenet

323 938 376 980 res
390 937 495 994 neque
511 919 552 981 ab
568 918 669 980 exitio
683 918 785 996 possit
802 919 1042 996 reprehendere
1058 918 1176 981 euntis.

324 1048 413 1090 nunc
431 1027 509 1104 quia
525 1027 693 1106 respirant
709 1028 847 1091 alternis
865 1028 964 1105 inque
981 1034 1181 1105 grauescunt

324 1144 356 1199 et
373 1137 468 1214 quasi
486 1137 612 1200 collecti
628 1137 769 1200 redeunt
787 1138 973 1214 ceduntque
991 1136 1125 1216 repulsi,

324 1246 455 1324 saepius
470 1247 555 1310 hanc
571 1247 610 1309 ob
626 1267 695 1309 rem
711 1246 888 1309 minitatur
901 1255 992 1310 terra
1008 1247 1123 1310 ruinas

324 1376 423 1433 quam
439 1355 539 1433 facit3
556 1356 738 1420 inclinatur
754 1356 842 1419 enim
857 1364 1011 1433 retroque
1027 1357 1153 1419 recellit

324 1472 358 1528 et
373 1466 492 1544 recipit
509 1468 665 1544 prolapsa
680 1487 756 1530 suas
772 1467 808 1527 in
824 1467 973 1544 pondera
988 1468 1088 1529 sedes.

281 1575 385 1639 —hac
402 1575 506 1653 igitur
523 1576 650 1640 ratione
666 1577 827 1640 uacillant
844 1575 953 1640 omnia
969 1583 1066 1652 tecta,

324 1706 451 1748 summa
466 1685 570 1764 magis
585 1686 711 1762 mediis,
727 1686 835 1749 media
851 1686 934 1762 imis,
952 1686 1019 1749 ima
1034 1686 1209 1763 perhilum.

389 1796 450 1858 Est
465 1797 545 1859 haec
560 1796 704 1858 eiusdem
721 1816 849 1873 quoque
865 1795 977 1874 magni
994 1816 1092 1859 causa
1108 1795 1279 1872 tremoris3

325 1913 446 1967 uentus
461 1905 519 1968 ubi
534 1911 633 1983 atque
650 1906 778 1969 animae
793 1906 902 1969 subito
917 1905 970 1969 uis
985 1905 1127 1968 maxima
1143 1905 1308 1982 quaedam

326 2022 385 2076 aut
402 2015 606 2079 extrinsecus
622 2023 680 2079 aut
697 2016 770 2094 ipsa
787 2017 906 2080 tellure
923 2023 1034 2079 coorta

326 2125 361 2185 in
377 2125 448 2188 loca
462 2145 496 2188 se
512 2146 593 2188 caua
609 2126 713 2188 terrai
729 2125 867 2189 coniecit
882 2125 993 2202 ibique

326 2235 499 2312 speluncas
516 2235 604 2297 inter
619 2256 756 2312 magnas
771 2235 886 2296 fremit
902 2242 979 2298 ante
996 2236 1141 2297 tumultu

325 2345 680 2422 uersabunda<que>
702 2352 866 2423 portatur,
885 2353 959 2423 post
977 2344 1080 2408 incita
1098 2366 1172 2407 cum
1188 2344 1241 2407 uis
1278 2322 1283 2327 ⁸

327 2454 494 2532 exagitata
512 2453 604 2517 foras
621 2455 809 2532 erumpitur
827 2461 859 2516 et
877 2455 976 2518 simul
994 2456 1096 2518 altam

327 2564 501 2627 diffindens
516 2572 641 2627 terram
658 2585 814 2641 magnum
831 2565 1006 2628 concinnat
1023 2564 1161 2628 hiatum.

284 2674 363 2735 —in
380 2673 479 2751 Syria
495 2673 616 2737 Sidone
632 2675 719 2751 quod
736 2674 856 2737 accidit
872 2681 904 2737 et
920 2674 988 2737 fuit
1003 2674 1088 2752 Aegi

327 2784 362 2845 in
378 2785 612 2862 Peloponneso,
628 2805 709 2861 quas
725 2784 832 2847 exitus
846 2784 900 2846 hic
915 2784 1038 2847 animar

328 2893 495 2956 disturbat
511 2895 609 2957 urbes
626 2901 658 2957 et
674 2899 783 2956 terrae
799 2901 907 2957 motus
924 2894 1067 2956 obortus

326 3005 496 3081 multaque
516 3010 687 3082 praeterea
705 3003 894 3066 ceciderunt
913 3002 1041 3065 moenia
1058 3002 1186 3080 magnis

327 3114 470 3176 motibus
486 3113 637 3174 interris
653 3120 685 3175 11
701 3114 824 3176 multae
841 3132 900 3190 per
917 3132 1006 3175 mare
1024 3133 1152 3190 pessum

328 3224 501 3286 subsedere
518 3224 586 3285 suis
603 3222 730 3300 pariter
747 3243 821 3284 cum
838 3221 967 3285 ciuibus
982 3223 1089 3284 urbes,

328 3333 415 3409 quod
431 3332 496 3394 nisi
512 3332 711 3410 prorumpit,
728 3338 838 3394 tamen
855 3331 998 3409 impetus
1013 3330 1082 3408 ipse
1100 3330 1222 3393 animai

329 3449 360 3505 et
377 3441 450 3504 fera
466 3442 519 3504 uis
534 3441 627 3505 uenti
644 3462 704 3519 per
721 3442 836 3504 crebra
852 3440 1018 3503 foramina
1034 3447 1143 3503 terrae

329 3550 527 3628 dispertitur
542 3558 580 3614 ut
596 3552 713 3612 horror
729 3556 761 3612 et
777 3549 899 3613 incutit
914 3550 990 3611 inde
1006 3556 1198 3626 tremorem;

313 3660 439 3738 (frigus
452 3660 504 3723 uti
518 3668 647 3723 nostros
661 3659 795 3737 penitus
810 3680 884 3722 cum
898 3659 992 3722 uenit
1006 3659 1042 3720 in
1056 3665 1159 3735 artus,

325 3770 475 3833 'concutit
490 3770 614 3833 inuitos
630 3789 747 3846 cogens
763 3775 902 3831 tremere
919 3775 1018 3845 atque
1033 3767 1196 3843 mouere).

286 3879 468 3958 —ancipiti
483 3879 656 3958 trepidant
673 3877 777 3957 igitur
792 3886 919 3941 terrore
936 3898 996 3955 per
1011 3876 1113 3954 urbis,

329 3996 416 4052 tecta
432 4010 573 4067 superne
588 3988 716 4063 timent,
733 3994 886 4049 metuunt
903 3986 1034 4048 inferne
1051 4006 1209 4049 cauernas

340 4121 390 4169 582
402 4119 469 4181 sort.
487 4119 674 4169 versabundus
693 4155 700 4169 .
719 4155 726 4168 .
746 4155 752 4167 .
771 4133 852 4182 quam

825 4253 898 4304 [1141
