3190 4682
637 424 688 472 DE
706 424 838 473 RERVM
856 424 1009 473 unwan
1030 425 1080 474 111

344 643 403 699 aut
420 637 503 700 aliae
520 637 614 701 cuius
630 639 831 702 desiderium
847 639 989 702 insideat
1006 639 1064 701 rei.

300 767 402 809 -oec
420 747 482 810 sibi
500 747 586 809 enim
605 747 777 825 quisquam
795 756 867 812 tum
885 769 918 811 se
936 750 1105 826 uitamque
1123 749 1275 826 requiret,
1315 796 1316 800 ,

343 877 417 920 cum
432 857 559 935 pariter
574 878 665 920 mens
681 866 712 920 et
729 879 848 937 corpus
862 858 970 937 sopita
986 859 1176 936 quiescunt;

342 987 419 1029 nam
436 966 513 1030 licet
530 974 700 1030 aeternum
718 989 777 1046 per
794 988 853 1030 nos
869 968 915 1031 sic
932 989 998 1031 esse
1014 989 1172 1047 soporem,

342 1096 401 1139 nec
418 1076 617 1139 desiderium
633 1078 738 1140 nostri
755 1097 814 1139 nos
830 1074 942 1140 adficit
958 1079 1073 1141 ullum.

299 1193 374 1250 -et
390 1193 501 1249 tamen
516 1187 774 1264 haudquaquam
791 1194 919 1250 nostros
934 1194 1015 1250 tune
1031 1187 1090 1251 illa
1105 1208 1165 1265 per
1182 1194 1271 1250 artus

341 1298 437 1374 longe
455 1298 495 1359 ab
513 1296 681 1359 sensiferis
695 1297 882 1375 ¹primordia
898 1297 1041 1360 motibus
1057 1303 1181 1373 errant,
1303 1282 1307 1287 ⁵

342 1426 417 1468 cum
431 1413 603 1484 correptus
617 1408 712 1468 homo
728 1428 767 1469 ex
782 1427 894 1469 somno
908 1427 942 1470 se
957 1407 1082 1484 colligit
1097 1407 1177 1485 ipse.

341 1517 446 1578 multo
461 1515 565 1593 igitur
581 1522 718 1578 mortem
734 1516 843 1578 minus
859 1517 901 1579 ad
918 1536 976 1579 nos
992 1537 1059 1580 esse
1075 1516 1290 1594 putandumst

326 1625 370 1701 (si
384 1625 494 1688 minus
508 1646 575 1688 esse
589 1632 696 1703 potest
711 1646 809 1702 quam
825 1627 912 1703 quod
926 1625 1011 1687 nihil
1025 1647 1092 1689 esse
1106 1626 1271 1701 uidemus)
1286 1649 1293 1699 ;

341 1735 445 1797 maior
461 1735 548 1797 enim
564 1737 681 1798 turbae
696 1735 853 1799 disiectus
869 1735 1021 1798 materiai

341 1845 552 1921 consequitur
567 1846 634 1907 leto
649 1866 707 1907 nec
724 1845 896 1922 quisquam
913 1845 1103 1923 expergitus
1119 1852 1235 1922 exstat,

341 1953 469 2031 frigida
487 1975 583 2031 quem
601 1956 699 2017 semel
719 1962 767 2017 est
784 1955 869 2018 uitai
888 1975 992 2033 pausa
1011 1961 1131 2018 secuta.

404 2147 553 2224 Denique
570 2147 597 2209 si
612 2168 724 2210 uocem
741 2169 852 2211 rerum
868 2155 990 2211 natura
1006 2156 1141 2226 repente

340 2257 453 2319 mittat
469 2264 501 2320 et
516 2258 576 2319 hoc
592 2257 692 2320 alicui
708 2265 858 2320 nostrum
874 2258 919 2320 sic
935 2258 1083 2336 increpet
1099 2258 1173 2336 ipsa

341 2366 434 2443 ‘quid
451 2366 513 2429 tibi
528 2373 624 2429 tanto
639 2375 776 2445 operest,
793 2368 950 2444 mortalis,
969 2369 1056 2444 quod
1073 2368 1171 2430 nimis
1187 2367 1291 2446 aegris

340 2476 484 2539 luctibus
501 2477 674 2554 indulges?
693 2477 772 2553 quid
790 2484 929 2540 mortem
945 2478 1109 2554 congemis
1126 2498 1163 2540 11
1181 2478 1258 2540 flesl

339 2606 417 2648 nam
434 2587 538 2664 gratis
555 2586 623 2649 fuit
645 2588 798 2658 <haeo>
820 2587 882 2650 tibi
899 2588 971 2650 uita
989 2594 1141 2650 anteacta
1158 2587 1319 2665 priorque,

340 2703 372 2759 et
387 2716 453 2758 non
469 2696 579 2758 omnia
593 2703 765 2774 pertusum
780 2704 933 2774 congesta
948 2696 1042 2774 quasi
1057 2697 1093 2758 in
1108 2717 1168 2759 uas

339 2806 506 2868 commoda
524 2806 708 2883 perfluxere
728 2813 826 2883 atque
845 2807 978 2883 ingrata
996 2805 1168 2882 interiere3

339 2936 399 2978 cur
414 2936 481 2977 non
496 2922 534 2977 ut
550 2916 668 2993 plenus
683 2916 773 2978 uitae
789 2916 932 2979 conuiua
947 2916 1072 2978 recedis

339 3045 444 3102 aequo
461 3025 633 3102 animoque
652 3025 742 3103 capis
760 3046 917 3103 securam,
936 3026 1045 3101 stulte,
1065 3025 1229 3103 quietem?

338 3134 390 3196 sin
407 3156 445 3198 ea
461 3154 543 3211 quae
560 3134 692 3197 fructus
707 3155 845 3212 cumque
861 3156 894 3197 es
910 3135 1037 3213 periere
1054 3135 1194 3213 profusa

338 3244 474 3321 uitaque
489 3244 524 3305 in
539 3245 703 3320 offensam,
721 3265 780 3307 cur
797 3245 939 3322 amplius
955 3245 1076 3308 addere
1093 3245 1233 3321 quaeris,

338 3375 472 3416 rursum
488 3354 576 3430 quod
592 3361 706 3431 pereat
720 3354 805 3416 male
821 3361 853 3417 et
869 3354 1038 3431 ingratum
1054 3354 1182 3417 occidat
1199 3373 1299 3429 omne,

338 3484 404 3526 non
420 3464 532 3542 potius
546 3463 636 3527 uitae
652 3463 750 3527 finem
765 3462 849 3526 facis
865 3470 964 3540 atque
980 3463 1122 3527 laborisl

337 3594 414 3637 nam
430 3573 492 3636 tibi
509 3580 680 3651 praeterea
697 3573 784 3650 quod
802 3572 970 3635 machiner
987 3572 1229 3650 inueniamque‚
1262 3568 1265 3575 ⁴

338 3684 425 3760 quod
442 3683 580 3760 placeat,
597 3682 682 3744 nihil
698 3689 762 3746 est:
780 3683 893 3745 eadem
910 3675 988 3745 sunt
1004 3674 1118 3745 omnia
1130 3703 1267 3761 semper.

337 3793 365 3855 si
380 3792 443 3855 tibi
458 3813 525 3855 non
542 3792 637 3855 annis
653 3812 773 3870 corpus
788 3792 854 3855 iam
870 3798 994 3854 marcet
1010 3798 1043 3854 et
1060 3798 1153 3855 artus

348 3926 399 3974 919
410 3925 482 3985 vulp.
498 3922 613 3987 requirit

348 3993 399 4043 935
410 3993 477 4055 fort.
499 3991 593 4051 <id>

348 4060 459 4110 941111·
473 4060 607 4109 offensust
