3190 4682
620 484 671 535 DE
689 483 822 534 RERVM
838 483 993 533 NATVRA
1012 482 1063 533 111

327 699 472 778 expertis
488 700 615 762 animas
630 720 689 763 nec
705 699 764 762 leti
779 701 850 777 lege
864 700 997 761 solutas.

327 830 404 873 uam
419 829 524 886 neque
538 815 634 872 tanto
648 829 744 887 opere
759 808 890 872 adnecti
906 807 1050 886 potuisse
1066 806 1285 886 putandumst

294 913 296 917 ’
328 919 519 997 corporibus
535 918 656 981 nostris
672 918 875 982 extrinsecus
891 917 1076 980 insinuatas

312 1029 417 1106 (quod
431 1027 503 1090 fieri
518 1034 626 1092 totum
641 1034 756 1091 contra
770 1027 948 1093 manifesta
964 1028 1057 1089 docet
1072 1046 1141 1103 res3

327 1159 469 1216 namque
484 1138 533 1202 ita
547 1158 669 1201 conexa
685 1145 733 1201 est
750 1158 809 1215 per
825 1157 928 1200 uenas
943 1137 1071 1200 uiscera
1087 1155 1206 1199 neruos

328 1268 472 1326 ossaque,
488 1248 540 1311 uti
557 1249 671 1311 dentes
688 1267 816 1325 quoque
833 1266 930 1309 sensu
948 1245 1210 1324 participentur3

327 1360 460 1421 morbus
474 1363 513 1420 ut
528 1357 655 1420 indicat
670 1364 702 1421 et
718 1357 839 1435 gelidai
855 1356 1001 1433 stringor
1016 1355 1115 1433 aquai

328 1475 360 1530 et
375 1467 461 1545 lapis
475 1488 651 1546 oppressus
665 1467 782 1529 subitis
797 1487 813 1528 e
829 1466 985 1543 frugibus
999 1466 1110 1543 asper)

328 1599 397 1654 nec,
413 1584 482 1640 tam
497 1582 668 1641 contextae
685 1598 759 1639 cum
776 1576 852 1652 sint,
869 1575 958 1639 exire
972 1574 1132 1638 uidentur

329 1688 507 1750 incolumes
523 1707 616 1765 posse
633 1693 665 1749 et
681 1687 790 1749 saluas
806 1686 972 1748 exsoluere
989 1705 1055 1747 sese

329 1797 479 1860 omnibus
494 1818 510 1860 e
525 1796 638 1859 neruis
653 1803 751 1873 atque
766 1796 892 1858 ossibus
907 1794 1129 1871 articulisque.

393 1907 489 1985 Quod
504 1906 532 1969 si
549 1905 637 1968 forte
654 1913 755 1984 putas
770 1905 972 1967 extrinsecus
988 1904 1190 1966 insinuatam
1224 1884 1227 1890 ⁴

329 2036 524 2094 permanare
539 2015 682 2079 animam
695 2015 789 2078 nobis
803 2036 862 2093 per
876 2016 1022 2078 membra
1037 2015 1149 2089 solere,

280 2136 284 2148 '
329 2131 424 2188 tanto
438 2125 560 2203 quique
575 2125 679 2202 magis
696 2146 769 2187 oum
786 2144 920 2202 corpore
936 2124 1013 2186 fusa
1029 2123 1167 2201 peribit3

314 2235 419 2312 (quod
434 2241 608 2313 permanat
624 2234 710 2298 enim
725 2233 929 2311 dissoluitur,
945 2233 1062 2296 interit
1078 2233 1170 2310 ergo)

329 2344 528 2423 dispertitur
544 2345 630 2406 enim
646 2365 705 2422 per
722 2345 833 2406 caulas
849 2343 995 2421 corporis
1011 2343 1125 2406 omnis.

329 2462 368 2518 ut
383 2454 483 2531 cibus,
499 2444 534 2516 in
548 2456 694 2517 membra
709 2459 807 2530 atque
821 2460 914 2522 artus
929 2474 1003 2515 cum
1018 2452 1147 2515 diditur
1161 2451 1274 2528 omnis,

330 2564 470 2642 disperit
486 2571 584 2641 atque
601 2564 700 2626 aliam
714 2558 870 2626 naturam
885 2562 1004 2625 sufficit
1019 2583 1059 2623 ex
1074 2582 1115 2637 se,

329 2675 375 2736 sio
393 2673 503 2737 anima
521 2680 619 2751 atque
637 2673 770 2736 animus·
783 2672 935 2750 quamuis
951 2672 1082 2749 integra
1098 2692 1210 2734 recens
1233 2670 1338 2742 <in>

330 2804 449 2862 corpus
465 2789 554 2860 eunt,
570 2790 681 2846 tamen
696 2783 731 2844 in
746 2783 912 2845 manando
928 2781 1166 2858 dissoluuntur,

331 2894 410 2955 dum
425 2893 519 2971 quasi
535 2914 594 2970 per
611 2894 722 2956 caulas
738 2892 843 2968 omnis
858 2892 1023 2954 diduntur
1039 2891 1074 2953 in
1091 2898 1183 2954 artus

331 3002 514 3080 particulae
530 3002 649 3080 quibus
664 3004 744 3065 haec
760 3001 861 3064 animi
877 3007 1000 3064 natura
1016 3007 1156 3076 creatur,

331 3133 414 3190 quae
429 3133 518 3175 nunc
534 3113 570 3173 in
585 3119 698 3174 nostro
713 3112 904 3174 dominatur
921 3131 1056 3189 corpore
1071 3116 1151 3173 nata

331 3242 371 3284 ex
385 3222 445 3285 illa
459 3243 542 3299 quae
557 3227 637 3284 tunc
653 3222 754 3300 periit
769 3220 895 3298 partita
911 3241 970 3298 per
985 3226 1087 3283 artus.

419 3328 486 3378 DIE
512 3327 659 3378 NATALI
684 3326 849 3377 ANIMAM
875 3326 956 3377 NON
982 3326 1072 3376 ESSE
1098 3325 1302 3375 PRIVATAM

288 3423 535 3495 -quapropter
551 3437 656 3494 neque
673 3416 778 3479 natali
795 3415 1082 3494 priuata'uidetur

331 3547 398 3590 esse
412 3526 465 3590 die
479 3532 602 3589 natura
616 3526 744 3589 animae
757 3546 817 3588 nec
831 3524 960 3587 funeris
975 3545 1100 3602 expers.

1381 2620 1382 2624 ’
1413 2639 1455 2691 ios

394 3719 527 3784 Semina
547 3726 718 3797 praeterea
737 3718 933 3795 linquontur
953 3739 1054 3780 necne
1074 3717 1196 3780 animai

332 3850 467 3907 corpore
482 3829 517 3891 in
533 3829 703 3891 exanimol
742 3828 828 3907 quod
844 3828 871 3890 si
886 3827 1058 3889 lincuntur
1073 3833 1105 3890 et
1121 3827 1244 3904 insunt,

331 3941 414 4002 haut
430 3939 494 4002 erit
508 3944 547 4002 ut
563 3938 682 4001 merito
697 3937 882 4000 inmortalis
898 3936 1001 4014 possit
1016 3935 1140 4012 haberi,

332 4049 484 4127 partibus
500 4048 626 4112 amissis
642 4047 797 4126 quoniam
812 4047 917 4109 libata
932 4045 1074 4108 recessit.

344 4181 394 4230 710
404 4180 476 4237 vulp.
491 4182 550 4228 tum

827 4253 900 4304 [104]
915 4253 925 4268 ¹
