3234 4684
728 471 759 520 Τ.
778 470 941 521 LVCRETI
959 470 1048 521 caat

358 682 393 744 in
410 690 646 750 commutatum
661 684 812 758 ueniunt,
829 692 979 749 constare
994 691 1154 748 necessest

358 812 398 855 ex
413 792 487 855 aliis
502 810 549 870 ea,
565 814 648 871 quae
664 803 830 872 nequeant
845 794 1032 857 conuertier
1047 814 1196 871 usquam,

357 923 399 966 ne
413 902 475 965 tibi
490 923 543 966 res
557 904 695 967 redeant
709 905 752 967 ad
767 904 873 967 nilum
888 903 1045 967 funditus
1060 923 1180 967 omnes.

357 1012 439 1091 quin
455 1012 566 1091 potius
582 1013 643 1077 tali
659 1022 782 1077 natura
798 1013 952 1092 praedita
968 1014 1130 1091 quaedam

352 1142 497 1200 corpora
512 1122 702 1200 constituas,
719 1123 829 1201 ignem
844 1123 872 1185 si
889 1122 976 1187 forte
993 1122 1148 1199 emerint,

358 1252 450 1311 posse
470 1234 582 1295 eadem
601 1233 744 1311 demptis
762 1233 877 1315 paucis
897 1233 1075 1311 paucisque
1094 1232 1239 1309 tributis,

356 1341 472 1405 ordine
488 1347 617 1405 mutato
633 1349 666 1406 et
682 1349 783 1419 motu,
800 1341 910 1406 facere
928 1343 1013 1406 aeris
1031 1362 1138 1418 auras,

355 1451 402 1514 sic
419 1451 502 1514 alias
518 1451 592 1514 aliis
608 1453 705 1514 rebus
721 1452 882 1515 mutarier
899 1452 1025 1515 omnist

356 1561 407 1607 -‘
414 1563 461 1623 At
479 1560 657 1624 manifesta
676 1562 786 1640 palam
805 1581 856 1624 res
875 1561 1016 1625 indicat'
1036 1561 1147 1639 inquis
1165 1561 1216 1622 ‘in
1235 1580 1335 1623 auras

356 1670 442 1733 aeris
457 1691 473 1733 e
488 1676 647 1735 terreres
662 1671 768 1734 omnis
782 1691 925 1734 crescere
941 1671 1068 1749 alique3

356 1787 390 1843 et
406 1780 470 1842 nisi
486 1787 663 1859 tempestas
680 1780 831 1858 indulget
847 1788 994 1858 tempore
1011 1780 1123 1843 fausto

356 1888 516 1952 imbribus
534 1897 566 1953 et
583 1890 658 1952 tabe
676 1890 862 1953 nimborum
880 1892 1017 1953 arbusta
1034 1890 1195 1953 cacillant

356 1999 468 2076 solque
485 2018 546 2063 sua
561 2018 624 2077 pro
639 2006 734 2077 parte
752 1999 845 2062 fouet
861 2000 1046 2077 tribuitque
1063 2001 1213 2076 calorem,

356 2128 499 2171 crescere
515 2128 582 2170 non
598 2108 725 2186 possint
742 2108 857 2187 fruges
872 2111 1008 2173 arbusta
1025 2107 1228 2173 animantis.'

312 2217 480 2304 —scilicet
497 2225 529 2281 et
545 2217 610 2280 nisi
627 2239 686 2281 nos
702 2218 795 2281 cibus
811 2218 926 2282 aridus
942 2225 974 2282 et
990 2224 1085 2281 tener
1101 2238 1196 2281 umor

356 2327 502 2404 adiuuet,
518 2327 636 2390 amisso
651 2327 717 2390 iam
732 2348 867 2406 corpore
882 2327 956 2392 uita
970 2347 1098 2406 quoque
1114 2326 1219 2391 omnis

355 2436 506 2500 omnibus
524 2437 670 2500 eneruis
688 2445 787 2515 atque
805 2438 931 2501 ossibus
949 2439 1156 2514 exsoluatur;

355 2546 547 2609 adiutamur
562 2547 649 2610 enim
665 2546 765 2610 dubio
782 2549 898 2626 procul
914 2555 1013 2624 atque
1029 2548 1150 2610 alimur
1166 2566 1225 2609 nos

355 2655 453 2718 certis
470 2658 510 2719 ab
526 2658 633 2732 rebus,
651 2656 750 2720 certis
766 2657 849 2720 aliae
866 2664 965 2734 atque
982 2657 1065 2720 aliae
1082 2677 1143 2720 res.

354 2765 512 2828 nimirum
528 2766 606 2843 quia
622 2767 728 2829 multa
744 2766 850 2829 modis
866 2766 1052 2831 communia
1066 2766 1180 2829 multis

354 2876 535 2938 multarum
552 2895 664 2938 rerum
680 2875 715 2936 in
731 2877 830 2938 rebus
846 2875 1030 2954 primordia
1046 2875 1150 2938 mixta

354 2993 442 3061 sunt,
461 2963 535 3047 ideo
552 2985 656 3048 uariis
674 2985 788 3049 uariae
806 3005 859 3049 res
876 2986 974 3048 rebus
993 2987 1139 3048 aluntur.

355 3102 453 3172 atque
471 3095 584 3157 eadem
602 3095 715 3172 magni
731 3095 837 3157 refert
855 3094 1038 3173 primordia
1055 3114 1151 3172 saepe

354 3224 428 3267 cum
445 3204 564 3282 quibus
581 3211 613 3267 et
630 3204 721 3281 quali
737 3204 888 3282 positura
905 3204 1138 3267 contineantur

354 3321 386 3376 et
402 3334 484 3391 qum
498 3313 586 3376 inter
601 3333 634 3375 se
650 3314 729 3376 dent
745 3322 853 3376 motus
869 3311 1108 3391 accipiantque.

338 3424 496 3501 (namque
512 3424 625 3486 eadem
642 3424 767 3487 caelum
783 3444 873 3486 mare
889 3429 997 3486 terras
1012 3422 1150 3485 flumina
1165 3422 1262 3485 solem

353 3532 571 3609 constituunt,
590 3534 703 3595 eadem
721 3533 836 3610 fruges
854 3534 991 3596 arbusta
1008 3531 1195 3608 animantis,

353 3663 470 3705 uerum
486 3642 560 3706 aliis
575 3642 704 3720 alioque
719 3643 816 3705 modo
831 3642 1006 3704 commixta
1021 3640 1224 3715 mouentur.)

310 3752 435 3830 —quin
450 3752 550 3816 etiam
566 3752 687 3830 passim
703 3752 825 3814 nostris
840 3752 875 3813 in
890 3751 1040 3813 uersibus
1056 3749 1137 3828 ipsis

353 3862 458 3925 multa
474 3862 634 3925 elementa
648 3861 744 3925 uides
756 3860 872 3924 multis
886 3859 1072 3923 communia
1086 3858 1206 3936 uerbis,

354 3992 428 4034 oum
443 3979 554 4034 tamen
570 3970 658 4033 inter
673 3991 707 4034 se
723 3991 840 4034 uersus
854 3991 892 4034 ac
908 3970 1011 4032 uerba
1026 3975 1186 4031 necessest

364 4102 414 4153 806
424 4103 497 4164 vulp.
515 4106 547 4152 ut
566 4140 573 4153 .
593 4140 599 4153 .
620 4140 626 4152 .
645 4102 782 4153 vacillent

856 4235 913 4287 [28]
