3190 4682
647 411 699 460 DE
717 410 849 460 RERVM
867 411 1022 460 NATVRA
1041 411 1085 459 IV

354 646 414 688 nec
429 625 528 688 dictis
544 646 638 689 orare
656 625 750 704 prius
768 645 867 702 quam
882 625 998 703 lingua
1015 633 1166 703 creatast‚

354 737 411 797 1111
427 736 538 813 potius
554 737 649 813 longe
665 736 798 812 linguae
814 735 991 813 praecessit
1007 735 1099 813 origo

354 865 534 909 sermonem
549 847 717 923 multoque
733 852 862 908 creatae
876 852 955 907 sunt
970 846 1064 923 prius
1079 866 1175 909 aures

355 976 453 1033 quam
468 976 567 1018 sonus
583 963 631 1018 est
647 955 792 1032 auditus,
809 962 842 1018 et
857 956 965 1018 omnia
982 956 1122 1033 denique
1139 958 1283 1019 membra

355 1073 432 1129 ante
447 1065 550 1142 fuere,
566 1072 605 1128 ut
619 1065 745 1144 opinor,
762 1085 874 1129 eorum
890 1087 989 1143 quam
1004 1066 1091 1129 foret
1106 1087 1194 1129 usus.

311 1177 443 1238 -haud
461 1176 566 1254 igitur
583 1184 718 1254 potuere
735 1176 852 1238 utendi
870 1196 1011 1238 11111111
1029 1197 1137 1239 causa.

311 1292 389 1348 —ct
407 1291 523 1348 contra
539 1285 690 1349 conferre
707 1307 808 1349 manu
826 1286 1008 1349 certamina
1024 1288 1156 1364 pugnae

354 1402 387 1457 11
403 1397 547 1458 11111111
565 1403 658 1459 artus
675 1395 873 1472 foedareque
891 1398 1036 1459 membra
1054 1417 1169 1459 cruore

355 1512 431 1568 ante
448 1505 515 1568 11111
531 1506 637 1568 multe
650 1526 749 1582 quam
765 1506 877 1569 lucida
893 1507 959 1569 tela
974 1507 1136 1582 uolarent,

355 1621 386 1676 et
402 1616 521 1678 uolnus
536 1615 644 1679 uitare
660 1615 754 1693 prius
769 1623 891 1678 natura
907 1615 1011 1692 coegit

355 1745 453 1802 quam
471 1725 565 1787 daret
584 1725 745 1788 obiectum
763 1725 891 1803 parmai
909 1727 1005 1788 laeua
1022 1747 1082 1804 per
1100 1733 1214 1789 artem.

354 1834 477 1898 scilicet
494 1842 526 1897 et
543 1834 666 1898 fessum
683 1855 804 1913 corpus
818 1836 976 1898 mandare
993 1836 1096 1912 quieti

353 1945 459 2006 multo
473 1944 643 2022 antiquius
656 1951 704 2008 est
720 1966 818 2021 quam
833 1945 909 2008 lecti
922 1945 1034 2008 mollia
1048 1952 1163 2021 strata,

354 2060 387 2116 11
402 2055 515 2116 sedare
531 2054 620 2116 sitim
635 2055 729 2132 prius
745 2062 793 2117 est
809 2075 907 2131 quam
923 2055 1041 2133 pocula
1056 2062 1182 2118 natum.

311 2165 433 2226 -haec
451 2164 555 2241 igitur
574 2171 711 2242 possunt
729 2164 846 2226 utendi
864 2163 996 2242 cognita
1014 2185 1112 2227 causa

355 2274 490 2349 credier,
508 2294 547 2335 ex
562 2295 624 2337 usu
641 2294 724 2350 quae
740 2279 818 2336 sunt
834 2273 970 2351 uitaque
987 2281 1128 2352 reperta.

311 2368 419 2446 -clla'
429 2384 561 2460 quidem
579 2404 723 2446 seorsum
740 2390 819 2446 sunt
836 2384 945 2446 omnia
962 2404 1045 2460 quae
1063 2384 1157 2462 prius
1174 2378 1247 2461 ipsa

354 2488 434 2556 nata
451 2494 569 2557 dedere
586 2513 663 2556 suae
679 2500 753 2572 post
770 2493 923 2556 notitiam
939 2493 1106 2556 utilitatis,

339 2603 420 2680 (quo
436 2623 553 2680 genere
570 2603 605 2664 in
622 2603 737 2681 primis
753 2623 866 2666 sensus
883 2610 914 2666 et
930 2605 1076 2666 membra
1091 2604 1268 2679 uidemus)

312 2733 456 2789 —quare
472 2713 570 2775 etiam
587 2720 684 2789 atque
701 2713 799 2775 etiam
815 2713 931 2791 procul
946 2719 994 2775 est
1009 2719 1048 2775 ut
1063 2714 1194 2776 credere
1211 2713 1313 2791 possis

353 2822 511 2886 utilitatis
527 2824 566 2884 ob
584 2822 724 2885 officium
742 2822 886 2900 potuisse
902 2822 1017 2885 creari.

420 3199 532 3287 llfflud
548 3204 626 3265 item
643 3224 709 3266 non
726 3212 773 3267 est
790 3180 988 3280 mirandum,
1005 3203 1152 3282 corporis
1168 3203 1240 3282 ipsa

355 3313 441 3389 quod
458 3318 581 3376 natura
598 3313 706 3376 cibum
724 3314 854 3390 quaerit
872 3314 1029 3391 cuiusque
1047 3313 1235 3376 animantis.

355 3422 478 3500 quippe
495 3422 616 3485 etenim
633 3423 734 3486 fluere
751 3430 849 3500 atque
865 3413 1016 3486 recedere
1033 3442 1171 3501 corpora
1187 3424 1285 3486 rebus
1320 3412 1322 3417 ’

354 3533 459 3594 multa
476 3532 581 3594 medis
597 3532 710 3594 multis
728 3532 834 3608 docui,
853 3534 909 3594 sed
927 3526 1071 3610 plurima
1088 3532 1209 3594 debent

355 3662 394 3703 ex
410 3641 614 3704 animalibu'.
658 3651 816 3718 <quae>
838 3641 915 3719 quia
931 3648 1009 3704 sunt
1027 3630 1296 3718 1111111111111111,Ι

354 3752 460 3813 multa
476 3754 538 3828 per
553 3771 587 3812 cs
603 3751 811 3827 exhalantur,
829 3772 902 3813 cum
919 3751 1078 3828 languida
1096 3752 1261 3827 anhelant,

355 3861 524 3937 multaque
540 3881 600 3938 per
616 3861 768 3923 sudorem
784 3882 823 3923 ex
840 3861 908 3922 alto
924 3881 1036 3938 pressa
1053 3860 1221 3923 feruntur.
1245 3914 1248 3921 .

312 3970 405 4031 —his
421 3969 525 4046 igitur
541 3971 639 4031 rebus
655 3969 792 4031 rarescit
808 3989 926 4047 corpus
943 3976 975 4032 et
991 3969 1096 4031 omnis

849 4185 923 4237 [148]
