3234 4686
542 408 573 456 Τ.
594 407 757 459 LVGRETI
776 408 865 458 oaal

169 620 334 700 quidquid
351 620 384 683 id
402 627 460 698 est,
477 641 681 699 quacumque
698 641 714 683 e
730 642 829 684 causa
845 621 1014 684 flammeus
1029 622 1129 684 ardor

168 731 322 794 horribili
340 730 452 794 sonitu
469 730 570 794 siluas
589 731 743 795 exederat
761 731 838 795 altis

65 836 68 843 ’
170 842 212 903 ab
229 840 398 904 radicibus
416 847 448 904 et
465 848 589 904 terram
606 846 800 919 percoxerat
818 840 898 918 igni,

169 952 327 1013 manabat
342 949 437 1013 uenis
454 949 663 1013 feruentibus
678 950 714 1011 in
730 951 800 1013 loca
816 957 924 1012 terrae

170 1080 316 1123 concaua
333 1058 530 1123 conueniens
548 1060 679 1138 argenti
696 1059 790 1122 riuus
808 1066 840 1123 et
857 1058 941 1136 auri,

171 1169 257 1232 aeris
272 1169 351 1232 item
368 1177 400 1232 et
416 1169 553 1247 plumbi.
592 1189 676 1246 quae
693 1190 767 1232 cum
784 1175 936 1232 concreta
952 1168 1112 1231 uidebant

171 1278 336 1356 posterius
353 1279 443 1342 claro
459 1278 494 1340 in
511 1278 610 1341 terris
628 1279 799 1356 splendere
817 1278 932 1355 colore,

171 1389 332 1451 tollebant
351 1388 460 1451 nitido
476 1388 566 1466 capti
585 1388 715 1465 leuique
734 1388 846 1466 lepore

171 1505 205 1560 et
221 1497 322 1559 simili
338 1497 483 1561 formata
498 1498 658 1560 uidebant
674 1517 741 1561 esse
758 1497 866 1575 figura

172 1613 272 1684 atque
290 1608 485 1670 lacunarum
503 1607 640 1670 fuerant
657 1606 799 1684 uestigia
817 1607 944 1684 cuique.

174 1721 245 1779 tum
262 1718 457 1794 penetrabat
475 1736 527 1778 eos
544 1737 637 1794 posse
653 1718 733 1779 haec
750 1716 931 1794 liquefacta
949 1717 1056 1780 calore

173 1826 353 1904 quamlibet
370 1826 405 1886 in
422 1825 564 1889 formam
580 1833 612 1890 et
629 1826 748 1889 faciem
765 1827 940 1890 decurrere
955 1847 1067 1889 rerum

174 1943 206 1998 et
222 1955 375 2013 prorsum
392 1935 543 2012 quamuis
559 1936 594 1997 in
611 1943 710 1999 acuta
725 1957 762 1999 ac
778 1936 893 1999 tenuia
909 1956 1001 2014 posse

173 2064 368 2107 mucronum
383 2044 461 2107 duci
476 2044 614 2123 fastigia
629 2046 851 2123 procudendo,

174 2161 213 2215 ut
227 2154 289 2216 sibi
303 2155 369 2217 tela
384 2161 514 2232 parent,
529 2155 694 2232 siluasque
708 2162 748 2217 ut
762 2156 895 2217 caedere
911 2155 1039 2233 possint

174 2263 408 2341 materiemque
426 2264 538 2327 dolare
555 2271 587 2328 et
604 2264 691 2328 leuia
709 2264 825 2327 radere
842 2263 937 2342 tigna

175 2379 207 2435 et
223 2375 389 2436 terebrare
405 2373 505 2436 etiam
521 2395 558 2437 ac
575 2375 775 2451 pertundere
792 2394 915 2451 perque
932 2374 1053 2437 forare.

132 2503 234 2545 -aec
251 2482 362 2545 minus
378 2489 516 2560 argento
533 2482 642 2546 faeere
659 2484 738 2547 haec
756 2503 902 2560 auroque
919 2484 1084 2561 parabant

176 2611 275 2669 quam
292 2592 397 2654 ualidi
414 2592 559 2670 primum
575 2591 730 2655 uiolentis
747 2592 877 2654 uiribus
894 2592 988 2669 aeris

132 2702 385 2778 -nequiquam
404 2701 559 2779 quoniam
577 2703 712 2765 cedebat
729 2701 820 2764 uicta
837 2709 990 2779 potestas,

176 2831 234 2873 nec
252 2817 407 2888 poterant
425 2811 552 2889 pariter
570 2812 691 2874 durum
708 2811 847 2875 sufferre
864 2811 1018 2874 laborem.

176 2940 253 2982 cam
270 2920 339 2982 fuit
354 2920 390 2981 in
407 2920 516 2998 pretio
530 2921 635 2998 magis
657 2930 785 2992 <aes>
808 2941 991 2999 aurumque
1009 2921 1135 2984 iacebat

177 3036 314 3107 propter
333 3029 549 3093 inutilitatem
566 3030 675 3092 hebeti
692 3049 847 3092 mucrone
866 3036 1024 3093 retusum.

176 3159 264 3201 cunc
279 3139 364 3202 iacet
379 3160 442 3216 aes²
459 3160 578 3202 aurum
593 3139 627 3200 in
643 3160 806 3202 summum
821 3139 975 3203 successit
989 3142 1154 3203 honorem.

135 3248 221 3311 —sic
240 3228 406 3312 uoluenda
424 3255 514 3312 aetas
532 3255 711 3312 commutat
728 3242 879 3326 tempora
896 3269 1024 3311 rerum:

177 3359 264 3435 quod
279 3358 347 3421 fuit
363 3358 398 3419 in
414 3358 531 3436 pretio,
547 3358 585 3420 fit
601 3359 694 3420 nullo
709 3358 850 3435 denique
866 3359 1005 3435 honore3

176 3489 276 3546 porro
293 3467 378 3530 aliut
395 3468 541 3530 succedit
559 3475 591 3531 et
614 3477 705 3539 <e>
728 3467 970 3545 contemptibus
988 3468 1055 3532 exit

176 3577 276 3655 inque
294 3577 364 3640 dies
380 3576 485 3655 magis
504 3577 675 3654 adpetitur
693 3578 852 3654 floretque
870 3584 1040 3654 repertum

177 3687 333 3750 laudibus
348 3693 380 3749 et
396 3686 482 3749 miro
498 3693 546 3748 est
562 3686 711 3749 mortalis
727 3686 815 3749 inter
831 3688 963 3749 honore.

172 3784 241 3869 1258*
248 3823 341 3870 terras
375 3819 447 3880 calc.
465 3821 539 3868 terra

172 3888 238 3937 1267
249 3888 356 3938 dolaret
371 3887 461 3936 levare
474 3899 507 3934 ac
522 3885 617 3935 radere
651 3886 718 3948 sort.
734 3886 830 3937 dolare
845 3900 877 3936 ac
893 3886 990 3935 levare
1006 3886 1088 3936 arida

172 3956 237 4006 1273
248 3956 321 4017 calo.
337 3958 396 4005 tum
