3234 4684
469 443 521 493 DE
538 444 671 494 RERVM
688 444 843 495 NATVBA
863 446 880 495 1

155 654 239 732 quid
254 674 356 732 porro
369 663 545 733 nequeant,
562 656 726 719 sancitum
742 644 1008 735 quandoquidem
1025 667 1126 738 extat,

155 784 218 827 nec
237 772 459 827 commutatur
478 764 663 842 quicquam,
683 766 766 844 quin
785 767 894 831 omnia
913 775 1065 831 constant

154 892 261 950 usque
278 875 368 952 adeo,
384 874 498 938 uariae
513 877 664 938 uolucres
679 882 718 938 ut
733 876 769 938 in
785 876 900 939 ordine
917 886 1068 941 cunctae

156 985 334 1046 ostendant
351 985 496 1047 maculas
514 985 676 1062 generalis
693 1006 828 1064 corpore
846 986 960 1064 inesse,

156 1092 363 1155 inmutabili’
378 1093 535 1156 materiae
552 1114 681 1172 quoque
699 1115 818 1173 corpus
834 1096 954 1160 habere

155 1202 279 1264 debent
295 1202 462 1265 nimirum.
501 1224 578 1266 uam
593 1203 622 1265 si
640 1203 823 1282 primordia
839 1224 950 1267 rerum

156 1312 353 1374 commutari
371 1312 484 1389 aliqua
500 1320 633 1390 possent
649 1313 777 1377 ratione
795 1314 931 1391 reuicta,

155 1421 322 1484 incertum
338 1441 466 1499 quoque
484 1421 550 1484 iam
567 1428 692 1485 constet
709 1422 790 1500 quid
807 1423 910 1501 possit
928 1424 1018 1501 oriri,

157 1530 241 1608 quid
260 1537 411 1608 nequeat,
431 1530 526 1593 finita
547 1538 692 1610 potestas
712 1532 853 1610 denique
874 1533 991 1611 cuique

157 1659 303 1718 quanam
319 1639 362 1702 sit
378 1640 506 1702 ratione
523 1649 622 1718 atque
638 1641 704 1704 alte
721 1642 883 1704 terminus
899 1643 1046 1706 haerens.

157 1769 218 1811 nec
239 1750 360 1811 totiens
380 1756 512 1828 possent
532 1751 714 1827 generatim
734 1752 840 1813 saecla
860 1752 986 1814 referre

157 1865 315 1920 naturam
333 1879 439 1921 mores
457 1859 584 1921 uictum
603 1866 775 1936 motusque
794 1869 981 1938 parentum.

155 1969 286 2029 -Tum
305 1988 404 2045 porro
423 1968 579 2045 quoniam
598 1976 646 2031 est
666 1976 848 2031 extremum
867 1972 1019 2049 quodque
1039 1992 1193 2035 cacumen

159 2076 307 2155 corporis
324 2076 414 2139 illius
430 2079 518 2154 quod
534 2078 639 2140 nostri
656 2099 788 2141 cernere
805 2099 918 2142 sensus

158 2186 225 2248 iam
246 2193 423 2262 nequeunt,
444 2185 479 2249 id
499 2186 657 2249 nimirum
673 2186 746 2249 sine
766 2188 918 2267 partibus
939 2197 1029 2253 extat

158 2302 192 2358 et
211 2294 347 2357 minima
367 2302 495 2358 constat
514 2303 636 2359 natura
655 2318 714 2359 nec
734 2297 803 2360 fuit
822 2319 979 2376 umquam

157 2424 267 2482 perse
284 2411 445 2467 secretum
460 2425 565 2483 neque
581 2407 718 2483 posthac
735 2427 801 2469 esse
818 2407 952 2485 ualebit,

158 2513 296 2577 alterius
313 2514 500 2591 quoniamst
516 2515 624 2593 ipsum
642 2536 720 2593 pars
737 2516 909 2594 primaque
927 2524 959 2581 et
975 2538 1052 2595 una,

158 2624 236 2686 inde
256 2623 339 2686 aliae
358 2631 457 2700 atque
476 2624 559 2687 aliae
578 2625 699 2688 similes
717 2645 757 2687 11
775 2626 890 2688 ordine
909 2633 1021 2705 partes

159 2732 289 2810 agmine
310 2734 471 2796 condenso
491 2740 646 2797 naturam
667 2734 813 2812 corporis
833 2737 984 2813 explent:

159 2862 243 2920 quae
261 2842 416 2919 quoniam
433 2862 542 2921 perse
559 2851 728 2920 nequeunt
745 2851 904 2921 constare,
921 2853 1081 2910 necessest

157 2951 293 3014 haerere
307 2952 396 3015 unde
411 2960 534 3029 queant
549 2953 642 3016 nulla
656 2953 784 3017 ratione
799 2952 925 3017 reuelli.

112 3068 237 3123 —sunt
254 3060 358 3138 igitur
375 3061 480 3124 solida
497 3061 681 3139 primordia
697 3062 909 3140 simplicitate

158 3190 243 3247 quae
257 3169 401 3232 minimis
416 3170 540 3248 stipata
556 3171 730 3234 cohaerent
745 3171 898 3249 partibus
914 3179 994 3251 arte,

157 3300 224 3342 non
241 3299 281 3341 ex
295 3279 427 3342 illorum
443 3286 609 3343 conuentu
625 3280 809 3357 conciliata,

158 3390 216 3452 sed
232 3388 336 3466 magis
353 3397 487 3452 aeterna
504 3389 663 3467 pollentia
679 3389 900 3467 simplicitate,

157 3499 247 3561 unde
263 3518 368 3576 neque
387 3498 486 3561 auelli
503 3497 679 3576 quicquam
695 3518 801 3576 neque
820 3498 967 3562 deminui
984 3499 1050 3563 iam

159 3608 307 3672 concedit
323 3615 447 3671 natura
463 3628 635 3671 reseruans
652 3607 777 3670 semina
792 3609 899 3671 rebus.

116 3723 330 3796 —praeterea
346 3717 411 3779 nisi
427 3716 491 3780 erit
506 3716 689 3792 minimum,
705 3716 904 3794 paruissima
921 3737 1068 3795 quaeque

159 3848 298 3906 corpora
315 3827 513 3890 constabunt
530 3847 569 3888 11
587 3825 739 3903 partibus
757 3824 906 3902 infinitis,

159 3937 282 4015 quippe
297 3936 355 3999 ubi
371 3934 526 3998 dimidiae
543 3934 649 4013 partis
666 3954 745 4012 pars
759 3954 886 4012 semper
900 3934 1034 3998 habebit

169 4077 219 4127 608
230 4077 298 4139 sort.
313 4078 346 4127 ut
361 4077 505 4139 nequeant
520 4074 581 4124 ulla

169 4145 302 4207 6111111.
318 4142 427 4194 illarum
660 4209 719 4262 [21]
