3234 4686
644 420 695 468 Du
713 419 845 469 RERVM
863 419 1018 469 Narras
1041 420 1064 468 1⁷

300 639 391 695 -est
406 632 505 696 etiam
519 653 648 711 quoque
662 634 714 697 uti
727 633 830 712 possit
845 635 972 697 eaelum
986 655 1080 698 omne
1094 654 1226 698 manere

342 741 378 803 in
393 742 544 819 statione,
560 748 671 805 tamen
686 764 761 806 oum
774 743 887 807 lueida
901 743 997 821 signa
1012 743 1184 820 ferantur3

341 851 412 915 siue
430 852 516 929 quod
536 852 655 914 inolusi
673 853 784 930 rapidi
801 860 880 917 sunt
898 853 1039 917 aetheris
1057 861 1167 916 aestus

343 969 601 1040 quaerentesque
617 962 708 1025 uiam
724 962 848 1026 oiroum
864 971 1043 1026 uersantur
1059 971 1092 1025 et
1108 963 1200 1040 ignes

342 1070 464 1148 passim
482 1092 541 1149 per
558 1071 640 1134 oaeli
655 1073 794 1135 uoluont
810 1071 996 1135 summania
1011 1073 1153 1150 templa;

341 1179 412 1242 siue
428 1180 563 1272 aliunde
580 1182 685 1242 fluens
702 1181 854 1244 alicunde
871 1181 1075 1245 extrinsecus
1092 1202 1147 1245 aer

342 1297 455 1353 uersat
471 1310 570 1368 agens
585 1290 689 1368 ignis3
705 1291 776 1354 siue
792 1291 856 1369 ipsi
872 1312 1004 1369 serpere
1018 1299 1157 1369 possunt

343 1419 409 1476 quo
423 1399 581 1477 ouiusque
597 1399 689 1462 oibus
703 1409 801 1463 uooat
818 1407 916 1478 atque
933 1400 1057 1464 inuitat
1073 1401 1192 1478 euntis

342 1508 491 1572 flammea
508 1529 568 1587 per
585 1510 711 1572 eaelum
727 1510 893 1587 pascentis
909 1531 1049 1588 corpora
1065 1510 1196 1588 passim.

300 1638 419 1680 —nam
436 1618 517 1695 quid
534 1618 569 1679 in
584 1619 644 1682 hoo
660 1620 786 1681 mundo
800 1619 843 1682 sit
860 1640 972 1682 eorum
989 1640 1110 1698 ponere
1127 1626 1254 1682 eertum

344 1726 474 1791 difficile
491 1734 556 1804 est;
574 1729 631 1791 sed
647 1728 728 1806 quid
745 1729 848 1806 possit
864 1728 988 1805 fiatque
1005 1749 1064 1806 per
1081 1749 1175 1792 omne

342 1836 377 1897 in
391 1837 496 1899 uariis
509 1837 641 1899 mundis
655 1837 752 1901 uaria
766 1837 893 1901 ratione
909 1838 1038 1915 orestis,
1104 1840 1105 1843 ’

344 1944 379 2006 id
396 1947 495 2009 dooeo
510 1946 681 2024 plurisque
697 1967 815 2024 sequor
832 1947 1007 2024 disponere
1024 1967 1148 2024 causas,

344 2054 486 2118 motibus
504 2062 668 2118 astrorum
686 2076 769 2132 quae
787 2056 914 2134 possint
931 2076 998 2119 esse
1014 2075 1076 2134 per
1093 2077 1186 2119 omne
1196 2084 1203 2133 ;

344 2186 360 2227 e
377 2164 496 2241 quibus
510 2185 579 2228 una
594 2172 704 2228 tamen
720 2165 782 2229 siet
797 2165 850 2228 hio
867 2186 995 2243 quoque
1012 2186 1111 2229 eausa
1126 2173 1285 2231 necessest

345 2293 427 2350 quae
443 2274 555 2352 uigeat
570 2281 695 2337 motum
711 2275 831 2352 signis;
848 2275 903 2337 sed
921 2295 1004 2352 quae
1020 2275 1065 2337 sit
1080 2297 1193 2339 earum

344 2382 534 2460 praecipere
553 2384 834 2460 hautquaquamst
853 2385 1065 2462 pedetemtim
1084 2383 1333 2462 progredientis.

408 2492 573 2569 Terraque
589 2492 679 2555 utin
694 2493 803 2556 media
817 2494 934 2555 mundi
951 2493 1082 2571 regione
1099 2471 1254 2571 quiesoat,

344 2622 537 2665 euanesoere
553 2602 715 2679 paulatim
731 2609 763 2666 et
779 2603 963 2665 decrescere
979 2604 1108 2680 pondus

344 2711 507 2787 conuenit,
524 2718 622 2787 atque
639 2711 737 2774 aliam
752 2718 908 2775 naturam
924 2718 1039 2789 supter
1053 2712 1173 2775 habere

344 2842 384 2883 ex
398 2820 533 2884 ineunte
549 2840 631 2883 aeuo
646 2820 854 2884 coniunctam
871 2829 969 2898 atque
984 2821 1096 2883 uniter
1112 2828 1225 2899 aptam

345 2929 497 3006 partibus
513 2929 611 2992 aeriis
627 2930 744 2991 mundi
762 2930 881 3007 quibus
898 2929 999 2993 insita
1014 2930 1112 2993 uiuit.

302 3045 522 3116 -propterea
536 3058 603 3100 non
619 3046 667 3102 est
684 3038 775 3101 oneri
791 3060 896 3116 neque
913 3038 1070 3117 deprimit
1087 3059 1202 3116 auras3

344 3154 383 3210 ut
398 3168 458 3210 sua
473 3147 591 3225 auique
606 3148 731 3210 homini
747 3149 841 3211 nullo
854 3155 932 3211 sunt
949 3150 1094 3226 pondere
1110 3150 1257 3224 membra

344 3278 404 3320 nee
421 3264 521 3335 eaput
539 3263 587 3320 est
604 3258 695 3319 oneri
711 3258 793 3320 oollo
809 3278 869 3320 neo
885 3257 1026 3334 denique
1042 3264 1149 3321 totum

345 3366 491 3443 eorporis
508 3366 543 3428 in
560 3366 701 3444 pedibus
716 3368 846 3444 pondus
863 3366 1021 3429 sentimus
1038 3367 1159 3443 inesse;

345 3483 379 3539 at
395 3496 618 3552 quaecumque
634 3475 717 3538 ioris
731 3475 873 3539 ueniunt
889 3476 1085 3553 inpostaque
1100 3476 1194 3539 nobis

345 3586 494 3663 pondera
509 3592 587 3648 sunt
602 3585 748 3661 laedunt,
766 3586 932 3663 permulto
946 3605 1043 3663 saepe
1059 3585 1204 3663 minora;

344 3715 448 3771 usque
465 3695 544 3756 adeo
561 3693 674 3771 magni
690 3694 795 3757 refert
812 3694 893 3771 quid
910 3714 1057 3771 quaeque
1074 3701 1173 3771 queat
1190 3715 1252 3758 res

302 3804 390 3866 -sio
408 3803 512 3881 igitur
528 3804 627 3866 tellus
643 3823 709 3865 non
727 3810 775 3865 est
793 3803 901 3866 aliena
917 3810 1053 3880 repente

346 3914 448 3976 allata
464 3920 562 3990 atque
579 3912 671 3976 auris
687 3912 821 3975 aliunde
839 3912 964 3974 obieota
982 3911 1107 3989 alienis

345 4025 402 4085 sed
419 4022 545 4100 pariter
562 4022 670 4099 prima
686 4027 844 4098 oonoepta
860 4022 900 4084 ab
918 4020 1043 4099 origine
1060 4022 1177 4084 mundi

356 4154 406 4204 532
417 4153 490 4213 voto.
506 4156 610 4217 vegeat
840 4194 913 4245 [182]
