3234 4686
586 479 616 527 Τ.
637 478 800 530 LVCBETI
820 477 908 529 CARI

215 700 313 771 atquc
328 714 387 772 per
403 714 457 757 aes
472 693 587 771 agitat,
602 694 671 756 sinc
687 695 826 771 eoquod
842 714 937 771 saepe
953 694 1108 755 resorbet.

278 804 368 866 Illud
384 803 419 866 in
434 804 486 865 his
501 805 598 866 rebus
612 803 729 866 mirari
745 803 848 880 mitte,
865 802 952 880 quod
968 809 1078 866 aestus

214 934 281 976 non
296 914 387 976 ualet
404 935 421 976 e
438 913 549 990 lapide
566 915 626 975 hoc
644 913 726 976 alias
743 913 909 990 impellere
927 912 1006 974 item
1023 932 1084 974 res.

214 1024 359 1100 pondere
375 1023 461 1084 enim
478 1022 584 1086 fretae
600 1023 724 1101 partim
739 1030 839 1098 stant,
856 1023 943 1100 quod
960 1041 1063 1099 genus
1078 1042 1214 1097 aurum;

215 1138 248 1194 et
264 1133 387 1211 partim
404 1153 482 1195 raro
497 1131 576 1210 quia
592 1141 670 1196 sunt
687 1154 761 1195 cum
779 1152 923 1209 corpore,
941 1138 981 1194 ut
997 1138 1106 1194 aestus

216 1243 365 1320 peruolet
380 1242 535 1319 intactus,
551 1249 720 1320 nequeunt
736 1241 888 1318 inpellier
905 1262 1061 1318 usquam3

215 1352 326 1430 lignea
342 1351 497 1415 materies
515 1352 551 1413 in
570 1372 634 1429 quo
653 1364 770 1430 genere
790 1371 856 1413 esse
874 1351 1019 1413 uidetur.

172 1461 462 1539 —interutrasque
481 1461 585 1540 igitur
604 1461 687 1524 ferri
706 1468 828 1524 natura
845 1461 952 1523 locata

217 1571 302 1633 aeris
317 1571 375 1634 ubi
392 1571 518 1648 aceepit
536 1572 696 1648 quaedam
713 1570 918 1648 corpuscula,
935 1577 1008 1632 tum
1023 1569 1070 1645 fit,

217 1681 379 1758 inpellant
394 1688 434 1744 ut
449 1702 520 1744 eam
535 1681 705 1758 Magnesia
720 1680 855 1743 flumine
871 1700 959 1742 saxa.

279 1791 345 1853 Nec
360 1798 471 1853 tamen
484 1791 564 1853 haec
579 1791 627 1853 ita
642 1798 720 1852 sunt
736 1789 876 1853 aliarum
892 1811 1003 1852 rerum
1019 1789 1136 1866 aliena,

217 1906 255 1961 ut
270 1900 350 1961 mihi
365 1902 471 1963 multa
487 1921 606 1977 parum
622 1921 740 1978 genere
755 1922 794 1962 ex
809 1901 869 1961 hoc
885 1898 1143 1976 suppeditentur

218 2030 300 2085 quae
316 2029 495 2072 memorare
512 2030 629 2086 queam
646 2010 732 2070 inter
748 2029 780 2070 se
798 2008 988 2085 singlariter
1006 2017 1094 2085 apta.

218 2139 296 2181 saxa
312 2118 405 2182 uides
422 2119 567 2196 primum
584 2120 653 2182 sola
669 2119 826 2181 colescere
843 2119 939 2181 calce.

219 2228 344 2304 glutine
361 2228 514 2291 materies
530 2229 665 2291 taurino
681 2228 833 2305 iungitur
849 2249 926 2304 una,

218 2344 256 2399 ut
271 2337 354 2401 uitio
369 2358 474 2400 uenae
490 2339 680 2407 tabularum
696 2338 827 2414 saepius
843 2338 972 2400 hiscant

219 2467 316 2523 quam
333 2447 445 2509 laxare
464 2455 585 2524 queant
604 2467 775 2525 compages
792 2454 910 2510 taurea
926 2447 1047 2509 uincla.

218 2556 358 2634 uitigeni
374 2557 489 2619 latices
505 2557 603 2633 aquai
620 2556 770 2619 fontibus
787 2557 917 2623 audent.
976 2564 979 2571 ’

218 2666 356 2742 misceri,
373 2687 447 2729 cum
462 2666 520 2743 pix
535 2675 676 2744 nequeat
692 2666 807 2744 grauis
821 2674 853 2727 et
869 2667 940 2728 leue
957 2665 1087 2728 oliuom.

218 2795 472 2853 purpureusque
489 2777 575 2838 colos
591 2776 741 2852 conchyli
757 2775 909 2852 iungitur
924 2796 993 2838 uuo

219 2905 354 2962 corpore
372 2906 445 2947 cum
462 2887 566 2963 lanae,
583 2886 696 2947 dirimi
713 2885 770 2962 qui
788 2905 854 2947 non
871 2893 969 2962 queat
986 2906 1133 2963 usquam,

129 3025 132 3033 ·
219 3014 285 3056 non
303 2995 330 3056 si
347 2995 496 3072 Neptuni
514 2995 617 3058 fluctu
635 3015 795 3058 renouare
813 3015 946 3073 operam
964 2996 1029 3071 des,

220 3124 295 3180 non,
313 3124 402 3167 mare
420 3104 448 3166 si
464 3112 571 3167 totum
588 3105 670 3167 uelit
688 3105 795 3167 eluere
813 3105 963 3167 omnibus
980 3105 1089 3167 undis,

219 3213 360 3291 denique
375 3234 442 3275 non
458 3235 541 3277 auro
554 3236 606 3277 res
622 3235 740 3278 aurum
757 3215 890 3291 copulat
906 3235 973 3277 una

220 3323 352 3400 aerique
374 3334 406 3394 <
412 3334 502 3394 aes>
525 3324 660 3400 plumbo
675 3324 713 3386 fit
731 3324 782 3386 uti
800 3324 960 3402 iungatur
978 3326 1018 3386 ab
1037 3324 1131 3386 albot

220 3439 328 3496 cetera
344 3433 409 3495 iam
426 3454 525 3510 quam
540 3435 645 3495 multa
662 3433 738 3495 licet
755 3434 917 3510 reperire!
936 3433 1016 3510 quid
1033 3436 1131 3511 crgol

206 3542 280 3617 (nec
294 3541 356 3604 tibi
371 3549 440 3604 tam
454 3542 561 3619 longis
578 3563 660 3619 opus
676 3550 723 3604 est
739 3530 931 3621 ambagibus
945 3562 1094 3619 usquam,

220 3671 278 3713 nec
293 3673 344 3714 me
359 3658 428 3714 tam
442 3653 581 3713 multam
596 3651 650 3712 hic
666 3672 799 3729 operam
814 3672 1002 3714 consumere
1019 3673 1081 3729 par
1098 3658 1155 3726 est,

220 3762 276 3822 sed
295 3761 442 3824 breuiter
461 3761 575 3839 paucis
595 3769 742 3837 praestat
762 3762 994 3839 comprendere
1013 3761 1145 3835 multa.)

177 3889 360 3946 —quorum
378 3871 425 3933 ita
443 3877 595 3932 texturae
613 3869 803 3933 ceciderunt
820 3878 936 3932 mutua
955 3875 1079 3945 contra,

215 4001 282 4050 1069
291 4002 363 4062 vulp.
379 4016 433 4051 uno

215 4069 341 4118 1117411111
355 4083 409 4119 una
