3234 4686
535 470 565 518 T.
586 470 749 520 muniz
769 469 858 520 CARI

162 690 348 761 oportunus
364 683 412 746 ita
429 690 478 746 est
495 684 523 745 si
540 683 627 747 forte
645 691 676 746 et
694 684 831 747 idoneus
849 704 913 760 aer,

160 798 199 855 ut
218 800 317 870 queat
334 793 469 856 accendi
485 794 601 871 paruis
619 793 793 857 ardoribus
810 794 912 870 ictus3

146 903 252 980 (quod
270 922 373 981 genus
390 903 559 965 interdum
577 910 701 981 segetes
719 903 941 981 stipulamque
958 902 1110 965 uidemus

161 1012 315 1075 accedere
332 1034 372 1076 ex
387 1033 455 1075 una
470 1012 616 1076 scintilla
632 1012 785 1076 incendia
800 1012 954 1089 passim).

160 1121 307 1198 forsitan
323 1129 356 1184 et
372 1142 464 1185 rosea
480 1123 528 1184 sol
544 1123 610 1185 alte
627 1123 779 1200 lampade
795 1122 908 1184 lucens

161 1231 329 1308 possideat
345 1233 488 1293 multum
503 1232 606 1295 caecis
623 1231 812 1295 feruoribus
829 1232 938 1309 ignem

161 1341 288 1403 circum
305 1361 347 1418 se,
365 1342 458 1404 nullo
476 1341 533 1418 qui
550 1341 593 1404 sit
611 1342 741 1419 fulgore
758 1347 902 1417 notatus,

160 1449 299 1513 aestifer
314 1457 353 1513 ut
368 1457 500 1513 tantum
516 1451 686 1514 radiorum
702 1457 862 1528 exaugeat
878 1450 990 1513 ictum.

226 1560 294 1623 Nec
309 1560 397 1623 ratio
411 1560 488 1622 solis
504 1560 643 1639 simplex
664 1568 770 1631 <et>
791 1566 882 1623 recta
897 1560 1046 1637 patescit,

161 1689 230 1746 quo
245 1677 343 1746 pacto
359 1669 494 1733 aestiuis
510 1690 527 1730 e
543 1670 696 1747 partibus
712 1670 910 1747 aegocerotis

160 1779 323 1842 brumalis
340 1780 437 1843 adeat
455 1780 558 1842 flexus
574 1787 673 1857 atque
691 1779 768 1842 inde
786 1785 956 1842 reuertens

161 1889 309 1951 canceris
324 1895 362 1950 ut
378 1895 490 1951 uertat
504 1895 608 1952 metas
623 1891 666 1952 ad
682 1888 873 1965 solstitialis,

161 2000 308 2075 lunaque
324 1998 489 2060 mensibus
506 1998 540 2059 id
557 1999 702 2076 spatium
718 1998 874 2061 uideatur
891 1998 990 2075 obire,

162 2128 277 2170 annua
292 2109 339 2170 sol
355 2108 390 2168 in
406 2128 470 2185 quo
486 2108 648 2170 consumit
663 2113 813 2185 tempora
829 2129 938 2170 cursu.

162 2237 240 2293 non,
257 2217 402 2294 inquam,
419 2217 558 2294 simplex
573 2217 624 2278 his
640 2219 737 2280 rebus
753 2217 884 2280 reddita
901 2224 1039 2280 causast.

494 2323 707 2374 DEMOCRITI
727 2323 777 2373 DE
798 2323 892 2374 SOLE

119 2432 242 2474 -uam
257 2411 330 2473 fieri
345 2413 400 2474 uel
416 2433 490 2474 cum
507 2413 624 2490 primis
640 2413 673 2473 id
691 2433 784 2491 posse
800 2413 945 2489 uidetur,

163 2521 345 2583 Democriti
361 2523 448 2598 quod
465 2530 579 2585 sancta
594 2522 661 2583 uiri
678 2522 841 2585 sententia
857 2522 961 2599 ponit,

163 2637 291 2708 quanto
305 2651 453 2708 quaeque
468 2631 574 2708 magis
588 2632 655 2693 sint
670 2638 794 2694 terram
809 2632 918 2695 sidera
934 2638 1081 2709 propter,

163 2746 259 2802 tanto
274 2759 367 2817 posse
382 2740 493 2802 minus
507 2761 580 2803 oum
596 2741 677 2803 caeli
693 2741 826 2803 turbine
843 2741 943 2817 ferri3

148 2851 359 2924 (euanescere
376 2850 463 2913 enim
479 2850 614 2927 rapidas
631 2850 721 2913 illius
738 2858 770 2913 et
787 2851 872 2913 acris

164 2959 318 3021 imminui
335 2961 447 3021 subter
464 2959 557 3035 uiris,
576 2960 712 3037 ideoque
730 2960 874 3036 relinqui

164 3069 328 3146 paulatim
345 3070 444 3132 solem
461 3090 535 3131 oum
551 3069 786 3147 posterioribu'
804 3069 916 3146 signis,

165 3178 306 3240 inferior
322 3179 428 3240 multo
443 3180 531 3255 quod
547 3178 590 3241 sit
607 3199 706 3255 quam
724 3178 857 3242 feruida
875 3179 1000 3256 signa).

520 3284 570 3333 DE
592 3285 724 3333 LVNAE
747 3284 868 3334 OVRSV

166 3379 198 3435 et
212 3372 319 3450 magis
332 3372 393 3435 hoc
408 3373 538 3436 lunam:
556 3380 681 3450 quanto
696 3373 866 3435 demissior
882 3373 951 3436 eius

166 3502 282 3544 cursus
300 3483 390 3545 abest
408 3483 524 3560 procul
542 3504 562 3546 1
580 3483 669 3545 caelo
686 3482 849 3559 terrisque
867 3482 1080 3559 propinquat,

166 3598 259 3655 tanto
274 3611 367 3668 posse
381 3591 490 3653 minus
505 3613 579 3654 cum
593 3592 696 3669 signis
710 3592 845 3654 tendere
861 3611 1002 3671 cursum.

166 3701 351 3764 flaccidiore
367 3701 466 3764 etiam
483 3708 608 3778 quanto
622 3701 687 3763 iam
702 3700 836 3764 turbine
853 3701 963 3762 fertur

165 3810 306 3873 inferior
322 3830 421 3887 quam
437 3811 494 3887 sol,
511 3817 606 3873 tanto
621 3810 725 3887 magis
741 3809 850 3872 omnia
867 3809 961 3886 signa

164 3922 249 3983 hanc
267 3920 500 3998 adipiscuntur
517 3919 640 3981 circum
657 3926 854 3996 praeterque
871 3918 1037 3981 feruntur.

123 4036 343 4108 -propterea
358 4028 396 4090 fit
412 4035 451 4090 ut
466 4028 546 4090 haee
562 4029 604 4090 ad
620 4028 750 4104 signum
767 4028 918 4104 quodque
935 4023 1058 4087 reuerti

176 4162 226 4211 617
236 4161 309 4222 outo.
325 4157 418 4209 cancri
433 4173 461 4208 se

661 4243 734 4296 [185]
