3234 4684
586 444 615 492 Τ.
635 443 797 493 LVCRETI
815 443 904 493 CARI

213 658 251 719 in
266 657 395 736 magnis
410 657 613 733 interuallis;
629 659 708 720 haec
724 677 801 720 aera
816 677 931 718 rarum

214 768 384 831 sufficiunt
398 767 493 829 nobis
509 775 541 831 ct
557 767 734 844 splendida
748 766 875 829 lumina
891 766 984 842 solis;
1177 852 1180 857 ξ

214 879 384 955 multaque
402 884 573 956 praeterea
590 897 747 953 magnum
764 896 824 953 per
841 877 938 938 inane
955 881 1133 953 uagantur,

215 987 363 1050 conciliis
378 1008 489 1050 rerum
506 1008 588 1063 quae
604 993 682 1048 sunt
698 986 820 1049 reiecta
836 1007 895 1048 nec
912 1005 1051 1062 usquam

215 1097 400 1160 consociare
416 1097 515 1167 ctiam
531 1103 638 1159 motus
654 1103 790 1174 potuere
807 1103 948 1172 recepta.

404 1204 505 1268 QVAE
525 1203 568 1252 IN
588 1203 692 1253 sonis
710 1203 841 1252 RADIIS
860 1202 1089 1280 APPAREANT

214 1290 318 1367 cuius,
335 1290 386 1352 uti
403 1311 554 1366 memoro,
572 1290 620 1351 rei
637 1290 814 1353 simulacra
831 1297 862 1351 et
880 1291 988 1367 imago

214 1406 293 1463 ante
311 1401 419 1462 oculos
437 1421 564 1477 semper
582 1400 675 1463 nobis
693 1407 847 1462 uersatur
865 1407 896 1463 et
914 1400 1026 1461 instat.

218 1595 466 1673 Contemplator
483 1595 578 1671 enim,
596 1616 695 1672 quom
711 1595 787 1657 solis
804 1595 930 1657 lumina
947 1614 1043 1671 seque

214 1704 332 1766 inserti
349 1704 500 1785 fundunt
518 1705 605 1767 radii
623 1725 682 1782 per
701 1725 803 1782 opaca
821 1706 1008 1766 domorum:

213 1815 322 1877 multa
335 1814 465 1876 minuta
478 1814 584 1875 modis
598 1813 712 1876 multis
728 1834 787 1891 per
803 1813 900 1875 inane
916 1813 1044 1875 uidebis

214 1943 354 2000 corpora
372 1923 501 1986 misceri
520 1924 689 1986 radiorum
706 1923 830 1986 lumine
849 1923 884 1984 in
903 1923 975 2000 ipso

212 2040 246 2095 et
266 2034 358 2095 uelut
378 2041 512 2096 aeterno
531 2034 708 2096 certamine
728 2033 853 2110 proelia
873 2054 1003 2110 pugnas
1056 2074 1058 2077 v

213 2142 310 2203 edere
328 2141 501 2203 turmatim
519 2142 680 2204 certantia
698 2161 757 2203 nec
775 2142 854 2204 dare
872 2162 1019 2219 pausam,

213 2250 361 2313 conciliis
376 2258 409 2313 ct
425 2251 572 2313 discidiis
588 2251 730 2313 exercita
746 2251 885 2327 crebris;

215 2360 362 2424 conicere
376 2368 414 2423 ut
430 2361 533 2438 possis
548 2382 587 2424 ex
601 2361 670 2437 hoc,
686 2361 869 2439 primordia
883 2381 994 2423 rerum

214 2470 311 2547 quale
326 2470 369 2532 sit
385 2470 421 2531 in
436 2491 556 2547 magno
571 2470 688 2533 iactari
704 2490 831 2547 semper
847 2470 949 2532 inani.
1038 2507 1041 2511 .

166 2580 390 2642 —dumtaxat
406 2600 518 2642 rerum
534 2600 729 2657 magnarum
746 2601 854 2656 parua
870 2587 976 2657 potest
992 2599 1044 2642 res

214 2690 400 2767 exemplare
416 2691 496 2753 dare
512 2696 544 2751 et
559 2689 700 2767 uestigia
716 2689 858 2751 notitiai.

213 2883 287 2944 Hoc
304 2883 402 2946 etiam
418 2883 521 2961 magis
537 2884 616 2946 haec
632 2884 779 2946 animum
795 2892 827 2946 te
845 2884 1018 2947 aduertere
1035 2904 1096 2961 par
1113 2889 1161 2945 est
1250 2948 1253 2951 ,

215 3011 355 3069 corpora
371 3013 454 3069 quae
471 2991 506 3052 in
522 2992 598 3054 solis
615 2992 719 3054 radiis
735 2993 871 3055 turbare
887 2992 1056 3069 uidentur,
1092 3048 1094 3053 .

215 3101 304 3178 quod
319 3102 402 3164 tales
417 3102 534 3163 turbae
550 3109 659 3164 motus
674 3121 802 3179 quoquc
817 3101 969 3164 materiai

215 3210 404 3288 significant
422 3211 642 3273 clandestinos
659 3231 833 3288 caecosque
850 3212 988 3273 subesse.
1035 3244 1038 3249 ·

216 3321 322 3383 multa
336 3319 465 3382 uidebis
480 3320 567 3383 enim
583 3320 692 3398 plagis
707 3320 753 3382 ibi
768 3320 895 3398 percita
911 3320 1015 3383 caecis

216 3437 416 3493 commutare
431 3428 522 3491 uiam
537 3435 690 3507 retroque
706 3430 839 3506 repulsa
854 3429 979 3492 reuerti

217 3558 305 3601 nunc
320 3540 384 3601 huc
400 3559 488 3601 nunc
504 3539 583 3601 illuc
598 3539 633 3600 in
649 3546 784 3602 cunctas
799 3538 945 3616 undique
961 3538 1076 3616 partis.

171 3647 340 3711 —scilicet
354 3648 408 3710 hic
424 3669 444 3711 a
458 3647 634 3725 principiis
649 3656 697 3711 est
713 3648 864 3710 omnibus
880 3668 981 3710 error.

217 3758 326 3834 prima
339 3765 516 3820 mouentur
531 3757 617 3818 enim
633 3778 692 3834 per
707 3777 740 3819 se
756 3756 939 3835 primordia
952 3776 1080 3830 rerum;

218 3866 294 3930 inde
310 3889 347 3930 ea
362 3888 445 3943 quae
461 3887 568 3945 paruo
582 3874 660 3929 sunt
675 3886 816 3947 corpora
828 3865 1005 3927 conciliatu

218 3983 251 4038 et
265 3976 358 4054 quasi
374 3976 526 4054 proxima
540 3983 618 4038 sunt
634 3977 676 4039 ad
692 3976 775 4038 uiris
791 3973 1041 4052 principiorum,
1090 4038 1092 4041 ,

231 4092 279 4140 112
289 4092 360 4153 vulp.
377 4091 552 4142 simulacrum

231 4160 407 4257 Utcumque
720 4209 776 4259 [43]
