3190 4682
501 420 532 468 Τ.
552 419 715 471 LVCBETI
736 419 824 470 CARI

121 631 330 710 eiectamque
346 633 447 710 foras,
464 653 532 696 non
548 653 684 710 omnem,
702 653 843 711 namque
859 633 980 697 iaceret

120 749 264 805 aeterno
281 762 401 820 corpus
418 741 593 821 perfusum
612 742 738 821 frigore
756 743 823 806 leti.

75 851 262 929 —quippe,
279 852 338 914 ubi
353 852 448 914 nulla
462 853 569 915 latens
584 852 708 917 animai
724 872 802 930 pars
818 859 1002 927 remaneret

119 960 158 1021 in
174 960 342 1038 membris,
358 960 467 1025 cinere
482 969 520 1023 ut
535 962 642 1025 multa
656 963 737 1025 latet
753 963 891 1024 obrutus
906 961 1003 1039 ignis,

118 1071 216 1132 unde
236 1071 410 1133 reconflari
427 1091 541 1134 sensus
558 1090 618 1151 per
636 1072 782 1134 membra
800 1076 935 1149 repente

118 1186 247 1259 posset,
263 1187 303 1243 ut
319 1202 358 1244 ex
374 1180 445 1258 igni
461 1201 556 1244 caeco
571 1200 766 1259 consurgere
782 1181 934 1244 flammat

190 1374 259 1437 Sed
276 1374 396 1452 quibus
412 1374 492 1439 haec
509 1376 607 1439 rebus
625 1375 756 1438 nouitas
774 1374 894 1438 confiat
913 1383 944 1439 et
962 1376 1052 1438 unde

117 1484 321 1564 perturbari
337 1484 448 1548 anima
464 1492 496 1546 et
513 1505 633 1563 corpus
648 1486 858 1563 languescere
875 1484 988 1562 possit,

116 1593 319 1673 expediam:
334 1601 373 1657 tu
388 1594 443 1657 fac
457 1615 498 1658 ne
513 1594 623 1657 uentis
637 1595 740 1657 uerba
754 1594 968 1672 profundam.

72 1703 296 1784 —principio
311 1712 447 1767 externa
461 1724 581 1781 corpus
597 1706 636 1766 de
652 1711 747 1782 parte
763 1724 931 1767 necessum
946 1711 1004 1780 est,

116 1813 227 1879 aeriis
244 1813 397 1890 quoniam
413 1813 561 1876 uicinum
576 1813 728 1891 tangitur
744 1813 844 1890 auris,

115 1923 265 1988 tundier
280 1931 377 2001 atque
393 1923 463 1986 eius
478 1924 593 1986 crebro
607 1923 771 2001 pulsarier
786 1923 865 2000 ictu,

115 2040 370 2113 proptereaque
387 2032 458 2096 fere
474 2052 527 2095 res
543 2053 653 2095 omnes
669 2040 727 2096 aut
744 2033 832 2095 corio
847 2037 926 2094 sunt

116 2150 186 2207 aut
202 2141 304 2205 etiam
319 2142 450 2205 conchis
465 2149 524 2205 aut
540 2143 623 2205 callo
639 2150 697 2205 aut
713 2142 832 2205 cortice
847 2148 962 2205 tectae.

114 2251 320 2316 interiorem
333 2252 432 2314 etiam
447 2259 576 2329 partem
591 2251 796 2330 spirantibus
811 2272 867 2315 aer

115 2363 285 2427 uerberat
299 2361 353 2423 hic
369 2361 465 2438 idern,
482 2382 556 2424 cum
573 2361 708 2424 ducitur
725 2367 823 2437 atque
839 2361 986 2424 reflatur.

72 2491 232 2552 —quare
247 2470 415 2548 utrimque
431 2490 522 2534 secus
538 2492 612 2533 cum
628 2490 748 2549 corpus
763 2471 902 2548 uapulet
919 2477 951 2535 et
968 2491 1041 2533 cum

116 2579 328 2661 perueniant
345 2581 461 2658 plagae
478 2600 537 2658 per
553 2601 661 2658 parua
676 2580 841 2642 foramina
856 2580 951 2643 nobis

117 2689 278 2769 corporis
294 2692 336 2753 ad
353 2690 479 2768 primas
493 2690 599 2768 partis
616 2691 840 2767 elementaque
858 2689 975 2768 prima,
1067 2710 1069 2715 ·

117 2803 160 2865 fit
180 2799 279 2878 quasi
295 2800 456 2877 paulatim
472 2800 566 2862 nobis
582 2820 641 2878 per
655 2801 801 2862 membra
816 2799 924 2862 ruina.

101 2911 374 2990 (conturbantur
392 2909 478 2974 enim
496 2909 663 2987 positurae
681 2908 923 2987 principiorum

119 3018 278 3097 corporis
293 3026 391 3095 atque
407 3018 535 3095 animi.)
577 3019 622 3096 fit
637 3018 689 3081 uti
704 3039 783 3096 pars
798 3018 876 3082 inde
892 3017 1015 3081 animai

119 3129 271 3195 eiciatur
288 3135 320 3191 et
337 3127 517 3190 introrsum
533 3148 611 3206 pars
629 3127 743 3190 abdita
759 3128 864 3204 cedat,

119 3259 208 3319 pars
224 3237 324 3299 etiam
340 3237 500 3300 distracta
515 3257 574 3314 per
589 3244 682 3299 artus
697 3257 763 3298 non
780 3243 879 3313 queat
895 3255 962 3299 esse

120 3348 307 3413 coniuncta
322 3346 410 3409 inter
426 3366 459 3409 se
476 3366 581 3423 neque
597 3352 688 3408 motu
705 3353 823 3408 mutua
839 3345 955 3424 fungi3

104 3461 218 3537 (inter
236 3455 324 3519 enim
341 3455 446 3533 saepit
464 3461 575 3518 coetus
591 3462 714 3518 natura
730 3455 884 3532 uiasque)

122 3586 207 3646 ergo
220 3586 335 3629 sensus
349 3565 418 3628 abit
432 3564 570 3627 mutatis
582 3564 725 3627 motibus
739 3565 814 3627 alte.

123 3686 157 3743 et
176 3675 335 3754 quoniam
351 3695 417 3737 non
434 3680 482 3736 est
498 3673 592 3751 quasi
608 3674 696 3750 quod
713 3672 881 3736 suffulciat
899 3680 1001 3750 artus

122 3787 237 3851 debile
253 3785 291 3848 fit
308 3804 427 3862 corpus
443 3785 726 3860 languescuntque
743 3782 852 3845 omnia
868 3784 1022 3857 membra,

121 3895 283 3961 bracchia
301 3895 544 3972 palpebraeque
563 3893 687 3954 cadunt
705 3892 911 3970 poplitesque
931 3890 1065 3954 cubanti

123 4027 225 4084 saepe
241 4012 353 4068 tamen
369 4002 614 4066 submittuntur
631 4001 778 4078 uirisque
795 4001 976 4063 resoluunt.

626 4183 699 4235 [151]
