3190 4682
551 448 581 498 Τ.
602 447 764 499 LVORETI
784 447 873 498 CARI

173 663 230 726 sin
246 663 295 726 ita
309 662 445 726 sinceris
458 663 613 726 membris
630 663 740 726 ablata
756 662 909 740 profugit

174 781 218 836 ut
233 774 342 835 nullas
358 773 464 850 partis
479 772 514 833 in
531 792 666 851 corpore
681 771 817 849 liquerit
834 791 873 833 ex
889 791 931 848 se,

174 883 268 946 unde
283 884 446 946 cadauera
461 857 612 945 rancenti
628 882 693 955 iam
708 881 833 944 uiscera
849 901 976 944 uermes

175 992 334 1071 expirant
350 999 448 1069 atque
463 993 551 1054 unde
568 992 774 1054 animantum
789 991 884 1068 copia
897 996 995 1053 tanta

176 1122 256 1165 exos
271 1109 303 1165 et
320 1102 479 1179 exanguis
493 1102 638 1165 tumidos
653 1101 854 1190 perfluctuat
871 1104 985 1163 artusl

196 1212 338 1290 —Quod
355 1211 383 1274 si
401 1211 488 1274 forte
506 1211 632 1274 animas
650 1211 851 1274 extrinsecus
869 1210 1033 1273 insinuari

175 1322 348 1385 uermibus
363 1327 395 1385 et
410 1321 525 1400 prinas
540 1321 575 1382 in
591 1341 730 1399 corpora
744 1340 837 1398 posse
852 1320 966 1384 uenire

176 1431 287 1494 credis
299 1451 358 1493 nec
370 1438 506 1509 reputas
520 1451 579 1493 cur
592 1430 684 1492 milia
697 1431 804 1493 multa
817 1429 1003 1492 animarum

177 1541 379 1604 conueniant
394 1541 483 1604 unde
497 1561 567 1603 una
581 1540 759 1617 recesserit,
775 1541 835 1602 hoc
850 1546 961 1602 tamen
977 1546 1025 1603 est
1040 1546 1078 1607 ut

178 1646 404 1729 quaerendum
420 1650 577 1712 uideatur
594 1657 627 1712 et
644 1650 679 1711 in
696 1649 872 1712 discrimen
889 1649 1062 1727 agendum,

177 1768 294 1824 utrum
310 1761 444 1822 tandem
460 1760 588 1823 animae
604 1767 769 1822 uenentur
783 1758 910 1847 semina
926 1779 1073 1836 quaeque

177 1869 435 1933 uermiculorum
451 1869 606 1947 ipsaeque
622 1868 684 1931 sibi
700 1868 908 1931 fabricentur
923 1868 981 1931 ubi
997 1868 1073 1945 sint,

178 2001 224 2043 an
238 1979 332 2056 quasi
348 1979 540 2057 corporibus
555 1977 713 2056 perfectis
728 1978 950 2042 insinuentur.

128 2096 214 2152 —ot
229 2109 335 2166 neque
350 2109 409 2151 eur
423 2088 551 2151 faciant
566 2089 657 2166 ipsae
672 2091 815 2166 quareue
830 2089 980 2151 laborent

179 2198 289 2262 dicere
305 2198 508 2276 suppeditat.
546 2218 651 2275 neque
669 2198 765 2275 enim,
782 2198 852 2261 sine
868 2218 1003 2276 corpore
1020 2184 1094 2261 cum
1110 2205 1198 2275 sunt,

179 2308 338 2373 sollicitae
354 2307 498 2370 uolitant
515 2307 637 2371 morbis
653 2309 795 2385 alguque
813 2307 982 2385 fameque3

161 2418 302 2495 (corpus
317 2417 404 2480 enim
419 2416 524 2495 magis
538 2417 590 2479 his
605 2417 698 2480 uitiis
714 2417 822 2481 adfine
837 2419 966 2480 laborat

180 2532 213 2588 et
229 2527 317 2589 mala
332 2528 439 2590 multa
456 2527 585 2592 animus
602 2527 733 2604 contegi
750 2527 907 2604 fungitur
923 2527 1024 2604 eius).

179 2638 237 2700 sed
252 2642 364 2700 tamen
380 2636 431 2698 his
448 2644 517 2700 esto
533 2636 684 2714 quamuis
701 2615 811 2700 facere
827 2637 910 2701 utile
926 2657 1046 2715 corpus

180 2746 235 2809 cui
249 2747 405 2822 subeant;
422 2752 457 2809 at
471 2766 537 2823 qua
551 2746 679 2825 possint
694 2746 752 2809 uia
766 2747 860 2809 nulla
874 2746 1019 2810 uidetur.

132 2857 263 2919 —haut
276 2855 381 2934 igitur
395 2856 527 2918 faciunt
540 2856 668 2920 animae
682 2856 744 2918 sibi
758 2876 897 2934 corpora
909 2862 942 2920 et
956 2863 1058 2919 artus.

133 2985 240 3028 -anec
255 2973 365 3029 tamen
382 2972 430 3027 est
444 2965 542 3043 utqui
557 2965 716 3044 perfectis
730 2965 942 3028 insinuentur

180 3075 390 3153 corporibus3
405 3096 511 3153 neque
526 3076 613 3139 enim
628 3081 786 3154 poterunt
801 3075 970 3153 suptiliter
985 3096 1052 3139 esse

180 3205 321 3249 conexae
335 3205 440 3262 neque
455 3204 613 3248 consensu
627 3185 780 3263 contagia
793 3184 882 3248 fient.

244 3294 395 3372 Denique
411 3316 470 3357 cur
486 3295 571 3358 acris
587 3294 747 3358 uiolentia
762 3295 859 3358 triste
875 3296 1006 3358 leonum
1072 3342 1079 3355 .

181 3403 355 3466 seminium
371 3404 530 3482 sequitur,
546 3406 661 3483 uolpes
676 3406 780 3483 dolus,
797 3412 829 3468 et
844 3405 928 3483 fuga
944 3410 1078 3469 ceruosl

136 3534 201 3577 —a
217 3514 369 3591 patribus
385 3515 485 3576 datur
502 3520 534 3577 et
549 3513 680 3592 patrius
696 3535 802 3593 pauor
818 3515 935 3578 incitat
952 3522 1054 3578 artus.

183 3631 215 3686 ct
229 3623 295 3686 iam
308 3632 416 3687 cetera
429 3626 469 3686 de
484 3643 601 3702 genere
615 3625 685 3701 hoc,
701 3645 760 3687 cur
775 3624 885 3688 omnia
898 3625 1051 3687 membris
1144 3669 1148 3674 Α

182 3753 222 3795 ex
235 3733 370 3797 ineunte
385 3754 467 3797 aeuo
480 3740 698 3811 generascunt
713 3733 918 3812 ingenioque,
978 3780 981 3783 -

182 3842 210 3905 si
225 3863 301 3920 non,
317 3849 407 3906 certa
422 3863 482 3905 suo
496 3842 575 3920 quia
590 3842 710 3906 semine
726 3843 926 3920 seminioque
996 3893 999 3897 ,

193 3975 244 4024 734
254 3976 370 4039 contage

194 4043 244 4092 736
254 4057 317 4093 eum

194 4111 244 4160 740
254 4110 326 4172 oola.
342 4124 486 4160 consensus
