3234 4684
737 437 767 485 Y.
787 436 949 487 LVGREYI
967 437 1056 488 CARI

324 650 566 712 —alterutrum
584 649 723 713 fatearis
738 651 826 714 enim
842 671 1016 731 sumasque
1034 657 1203 714 necessest.

367 779 507 836 quorum
524 767 702 837 utrumque
717 760 779 823 tibi
796 760 956 838 effugium
971 760 1159 838 praecludit
1176 768 1207 825 et
1225 781 1319 824 omne

366 868 453 946 cogit
468 876 506 932 ut
521 877 673 947 exempta
687 872 845 933 concedas
859 870 923 932 fine
938 876 1062 948 patere.

352 979 446 1055 (nam
463 978 532 1042 siue
551 987 599 1042 est
617 979 735 1057 aliquit
754 981 842 1057 quod
861 981 998 1057 probeat
1017 980 1199 1057 efficiatque
1306 1045 1310 1050 ,
1372 1058 1375 1061 ,

367 1087 539 1164 quominu’
556 1108 621 1165 quo
636 1088 771 1170 missum
787 1095 835 1151 est
851 1088 965 1164 ueniat
980 1088 1103 1165 finique
1119 1089 1203 1150 locet
1218 1108 1261 1165 se,
1363 1159 1366 1164 ,

365 1197 434 1260 siue
452 1197 543 1260 foras
560 1197 680 1275 fertur,
698 1205 829 1261 nonest
847 1219 867 1261 a
883 1198 947 1259 fine
964 1197 1178 1275 profectum.)

323 1307 426 1368 -hoe
442 1312 541 1383 pacto
555 1326 674 1384 sequar
691 1313 799 1384 atque,
816 1326 890 1369 oras
905 1306 1102 1383 ubicumque
1118 1306 1237 1368 locaris

366 1422 538 1492 extremas,
558 1436 730 1493 quaeram:
751 1416 832 1493 quid
851 1417 918 1478 telo
936 1415 1078 1493 denique
1097 1416 1174 1478 fiet‘l

365 1524 421 1587 fiet
437 1524 488 1586 uti
504 1545 666 1601 nusquam
683 1524 785 1602 possit
802 1524 977 1587 consistere
994 1523 1069 1586 finis

366 1633 589 1711 effugiumque
609 1633 710 1711 fugae
730 1635 873 1712 prolatet
893 1634 988 1712 copia
1006 1654 1142 1711 semper.

364 1750 538 1821 praeterea
554 1743 700 1820 spatium
717 1743 857 1806 summai
873 1743 976 1805 totius
994 1764 1087 1806 omne

365 1854 512 1930 undique
527 1853 554 1915 si
570 1853 733 1915 inclusum
748 1854 847 1916 certis
861 1852 1052 1916 consisteret
1067 1853 1133 1916 oris
1193 1882 1195 1885 ’

364 1962 560 2040 finitumque
576 1962 673 2039 foret,
691 1963 757 2026 iam
773 1963 868 2040 copia
884 1963 1036 2025 materiai

365 2072 512 2149 undique
530 2073 731 2149 ponderibus
748 2073 862 2135 solidis
879 2073 1043 2136 confluxet
1061 2074 1103 2134 ad
1121 2072 1223 2134 imum

365 2203 424 2244 nec
441 2203 493 2244 res
510 2182 579 2245 ulla
594 2182 665 2260 geri
680 2184 741 2244 sub
758 2183 839 2245 caeli
855 2182 998 2260 tegmine
1016 2190 1124 2259 posset

365 2312 424 2354 nce
442 2291 529 2355 foret
546 2291 680 2355 omnino
696 2293 821 2355 eaelum
838 2313 943 2369 neque
961 2291 1088 2354 lumina
1104 2291 1190 2368 solis,

365 2402 488 2479 quippe
503 2401 561 2464 ubi
575 2401 728 2465 materies
743 2402 848 2464 omnis
861 2402 1030 2465 cumulata
1044 2402 1165 2464 iaceret

365 2533 405 2574 ex
421 2511 634 2602 infinitoiam
650 2519 797 2589 tempore
814 2512 1022 2600 subsidendo.

322 2627 399 2683 —at
416 2642 504 2683 nunc
521 2621 679 2683 nimirum
696 2621 825 2698 requies
840 2622 921 2684 data
938 2620 1179 2698 principiorum

315 2814 317 2819 Α
364 2731 556 2808 corporibus
573 2731 707 2807 nullast,
726 2731 804 2807 quia
821 2731 869 2791 nil
887 2738 935 2794 est
952 2729 1108 2792 funditus
1125 2730 1227 2792 imum

364 2860 430 2917 quo
443 2840 537 2917 quasi
553 2841 715 2903 confluere
731 2847 763 2903 et
777 2841 868 2902 sedes
883 2839 941 2902 ubi
956 2860 1077 2917 ponere
1093 2840 1229 2918 possint.

364 2970 492 3027 semper
508 2949 543 3011 in
559 2950 699 3012 adsiduo
713 2938 804 3012 motu
820 2970 871 3012 res
887 2970 1035 3027 quaeque
1051 2955 1214 3027 geruntur

364 3059 517 3137 partibus
540 3070 631 3131 <c>
655 3060 782 3122 cunctis
802 3059 999 3136 infernaque
1019 3059 1279 3147 suppeditantur

364 3191 404 3232 cx
421 3169 553 3231 infinito
568 3169 635 3232 cita
652 3189 790 3247 corpora
806 3169 968 3231 materiai.

363 3287 530 3357 postremo
546 3287 622 3342 ante
641 3279 751 3341 oeulos
767 3300 819 3341 res
837 3299 905 3340 rem
923 3278 1018 3339 finire
1037 3279 1181 3340 uidetur.
1211 3356 1213 3361 ,

364 3409 420 3450 aer
435 3387 595 3465 dissaepit
612 3387 703 3449 collis
720 3394 818 3464 atque
836 3408 913 3450 aera
929 3394 1063 3462 montes,

363 3505 455 3560 terra
468 3519 557 3560 mare
573 3504 605 3559 et
620 3504 735 3559 contra
749 3517 838 3559 mare
853 3502 959 3559 terras
974 3495 1131 3558 terminat
1146 3496 1267 3572 omnis3

365 3628 458 3671 omne
479 3607 611 3684 quidem
632 3626 712 3669 uero
730 3606 815 3667 nihil
836 3613 883 3669 est
904 3607 992 3683 quod
1012 3605 1107 3668 finiat
1127 3612 1230 3668 extra.

320 3723 412 3778 —est
431 3715 535 3793 igitur
553 3723 676 3778 natura
693 3715 755 3777 loci
773 3714 983 3792 spatiumque
1002 3714 1174 3803 profundi,

363 3826 451 3903 quod
467 3847 572 3902 neque
589 3825 679 3888 clara
693 3845 754 3887 suo
769 3844 963 3902 percurrere
980 3823 1123 3886 fulmina
1139 3844 1239 3910 cursu

363 3943 526 4013 perpetuo
542 3935 668 4012 possint
686 3934 760 3997 aeui
777 3932 923 3996 labentia
940 3939 1059 4027 tractu

374 4068 424 4116 981
434 4067 507 4127 vulp.
523 4066 573 4116 fiat

868 4215 924 4265 [34]
