3190 4682
531 453 561 502 T.
582 452 745 503 LVOBETI
764 451 853 502 CARI

223 750 372 828 Denique
390 751 531 814 conubia
549 752 591 814 ad
609 751 748 814 Veneris
767 756 948 829 partusque
966 750 1116 813 ferarum

154 880 227 923 esse
246 860 371 923 animas
389 867 522 939 praesto
539 860 758 925 deridiculum
777 881 844 924 esse
861 860 1007 936 uidetur,

154 976 333 1047 expectare
350 970 544 1033 immortalis
560 970 713 1033 mortalia
729 972 875 1033 membra

154 1078 334 1142 innumero
349 1100 485 1143 numero
503 1086 693 1157 certareque
711 1085 1011 1158 praeproperanter

154 1188 249 1251 inter
263 1209 297 1253 se
313 1209 396 1266 quae
412 1189 521 1267 prima
536 1189 770 1268 potissimaque
785 1189 991 1265 insinuetur;

155 1298 185 1360 si
201 1318 270 1360 non
284 1298 372 1361 forte
386 1299 435 1363 ita
447 1305 525 1362 sunt
540 1299 726 1362 animarum
741 1298 876 1361 foedera
892 1305 990 1376 pacta

154 1414 197 1471 ut
213 1428 298 1485 quae
314 1408 422 1486 prima
436 1409 553 1471 uolans
568 1408 742 1472 aduenerit
758 1407 946 1471 insinuetur

155 1517 270 1595 prima
285 1538 390 1595 neque
407 1518 494 1580 inter
512 1538 544 1581 se
561 1519 763 1581 contendant
780 1517 909 1581 uiribus
925 1518 1040 1580 hilum.

223 1711 374 1789 Denique
391 1711 426 1773 in
443 1713 574 1776 aethere
590 1732 657 1774 non
674 1714 781 1789 arbor,
798 1732 865 1773 non
882 1731 1022 1789 aequore
1038 1711 1074 1772 in
1091 1712 1159 1775 alto

156 1822 265 1884 nubes
280 1840 347 1883 esse
363 1828 490 1898 queunt
504 1841 563 1884 nec
579 1822 683 1899 pisces
697 1821 811 1884 uiuere
828 1821 864 1882 in
880 1821 970 1884 aruis

156 1950 219 1993 nec
237 1951 335 1993 cruor
352 1930 387 1992 in
403 1931 503 2008 lignis
520 1951 625 2008 neque
642 1931 730 1993 saxis
746 1951 844 1993 sucus
860 1930 896 1991 in
914 1952 990 1994 esse.

158 2046 289 2103 certum
306 2060 344 2102 ac
361 2040 589 2118 dispositumst
605 2040 663 2103 ubi
681 2039 830 2117 quicquit
848 2047 972 2102 crescat
989 2046 1022 2103 et
1039 2039 1128 2101 insit.

157 2149 206 2212 sic
222 2149 326 2212 animi
340 2156 463 2213 natura
477 2150 593 2227 nequit
609 2149 678 2213 sine
694 2170 830 2227 corpore
846 2149 927 2212 oriri

157 2260 230 2323 sola
244 2279 349 2336 neque
365 2280 385 2322 a
400 2259 513 2321 neruis
528 2266 560 2322 et
576 2258 736 2337 sanguine
752 2258 883 2336 longius
899 2279 975 2321 esse.

177 2369 320 2447 -Quod
338 2368 367 2430 si
384 2375 492 2446 posset
511 2368 605 2445 enim,
624 2354 730 2431 multo
746 2368 842 2446 prius
857 2367 930 2446 ipsa
948 2367 1050 2431 animi
1067 2367 1120 2430 uis

158 2478 197 2540 in
213 2478 322 2556 capite
340 2484 398 2541 aut
413 2478 536 2541 umeris
551 2486 610 2541 aut
627 2477 701 2540 imis
718 2478 861 2541 calcibus
877 2498 944 2540 esse

159 2594 271 2666 posset
287 2594 319 2651 et
335 2587 463 2650 innasci
479 2587 597 2665 quauis
612 2587 648 2648 in
664 2594 760 2665 parte
776 2588 904 2663 soleret,

159 2698 297 2761 tandem
312 2697 348 2758 in
364 2698 475 2759 eodem
490 2696 620 2759 homine
637 2703 736 2774 atque
753 2696 789 2758 in
805 2697 916 2759 eodem
933 2716 1011 2759 uase
1027 2716 1169 2759 manere.

160 2807 249 2886 quod
268 2806 423 2884 quoniam
439 2812 553 2869 nostro
568 2826 697 2883 quoque
713 2812 842 2868 constat
859 2826 995 2884 corpore
1012 2812 1139 2869 certum

160 2917 423 2996 dispositumque
439 2916 574 2979 uidetur
590 2915 648 2978 ubi
663 2935 730 2978 esse
747 2921 779 2978 et
795 2935 937 2978 crescere
954 2915 1057 2993 possit

160 3046 289 3090 sorsum
306 3026 417 3089 anima
432 3032 531 3102 atque
548 3024 687 3102 animus,
704 3030 800 3088 tanto
815 3024 920 3103 magis
937 3024 1149 3087 infitiandum

160 3143 270 3200 totum
286 3155 379 3213 posse
395 3143 489 3198 extra
504 3155 624 3212 corpus
640 3135 761 3197 durare
777 3135 926 3212 genique.

121 3266 274 3323 —quare,
292 3265 412 3323 corpus
427 3244 484 3307 ubi
501 3243 639 3320 interiit,
656 3243 792 3322 periisse
808 3250 968 3307 necessest

162 3355 338 3419 confiteare
355 3354 498 3417 animam
513 3353 708 3416 distractam
725 3352 760 3414 in
777 3373 913 3431 corpore
930 3360 1008 3416 toto.

163 3464 296 3543 Quippe
312 3463 432 3528 etenim
447 3464 586 3527 mortale
601 3469 734 3526 aeterno
750 3462 887 3541 iungere
903 3469 936 3526 et
950 3483 1019 3525 una

162 3573 347 3638 consentire
364 3580 483 3651 putare
500 3579 532 3636 et
549 3572 648 3650 fungi
665 3578 782 3635 mutua
799 3591 892 3650 posse

162 3683 361 3762 desiperest3
377 3682 457 3762 quid
472 3681 558 3746 enim
573 3681 738 3744 diuersius
752 3701 820 3745 esse
834 3682 1053 3759 putandumst

163 3799 222 3857 aut
238 3792 345 3871 magis
361 3792 449 3855 inter
466 3811 499 3853 se
516 3791 718 3854 disiunctum
736 3790 1028 3868 discrepitansque,

163 3924 261 3981 quam
275 3903 414 3965 mortale
429 3901 516 3979 quod
531 3906 579 3963 est
593 3899 796 3962 inmmortali
810 3905 908 3976 atque
923 3897 1061 3977 perenni

163 4012 314 4076 iunctum
329 4011 364 4073 in
379 4010 517 4074 concilio
530 4029 645 4074 saeuas
659 4009 800 4072 tolerare
815 4007 995 4086 procellas?

166 4145 215 4195 790
226 4145 295 4208 fort.
320 4141 399 4207 Quod
414 4140 509 4192 eiiam
524 4144 616 4205 posset
630 4139 717 4189 multo

664 4222 738 4274 [1071
