3234 4686
631 446 683 496 DE
701 446 833 496 RERVM
851 446 1005 496 NATVRA
1028 446 1052 496 V

330 658 439 722 omnia
455 660 542 736 quod
557 681 645 723 noua
660 667 732 722 tum
747 660 852 738 magis
867 662 946 724 haee
962 667 994 725 et
1010 661 1096 724 mira
1110 661 1278 738 uigebant.

287 774 362 830 —et
378 768 597 847 uigilantibus
612 769 689 831 hino
706 771 845 832 aderant
862 770 982 833 solacia
998 790 1110 833 somno

330 879 450 942 ducere
468 878 671 941 multimodis
689 899 784 944 uoces
802 886 835 942 et
853 880 983 943 flectere
1000 887 1118 943 santus

329 995 362 1050 et
378 1008 500 1065 supera
517 989 658 1052 oslamos
675 1008 761 1051 unoo
777 1008 970 1066 percurrere
988 990 1090 1051 labro.

286 1098 418 1160 -unde
436 1096 535 1161 etiam
551 1096 669 1175 uigiles
685 1118 774 1160 nuno
791 1099 871 1161 haee
888 1104 1023 1176 aooepta
1038 1105 1178 1162 tuentur

330 1214 363 1270 et
378 1227 553 1270 numerum
569 1226 702 1270 seruare
719 1227 822 1285 genus
840 1206 994 1284 didicere,
1011 1227 1117 1285 neque
1133 1208 1203 1270 hilo

331 1315 487 1380 maiorem
506 1315 633 1378 interea
651 1316 789 1393 eupiunt
807 1317 990 1379 dulcedini'
1010 1316 1160 1380 fructum

330 1446 429 1502 quam
445 1425 596 1488 siluestre
614 1445 717 1504 genus
734 1426 885 1504 capiebat
901 1426 1153 1505 terrigenarum.

314 1535 408 1611 (nam
424 1536 512 1612 quod
528 1536 620 1598 adest
637 1543 778 1613 praesto,
795 1536 860 1598 nisi
877 1536 957 1614 quid
975 1537 1189 1613 oognouimus
1205 1544 1283 1601 ante

330 1643 476 1721 suauius,
494 1644 529 1705 in
546 1643 663 1722 primis
679 1645 787 1722 placet
805 1651 837 1706 et
854 1646 977 1723 pollere
993 1645 1138 1723 uidetur,

330 1753 556 1830 posteriorque
572 1752 643 1817 fere
658 1753 773 1816 melior
789 1775 842 1817 res
857 1753 916 1817 illa
931 1761 1065 1832 reperta

330 1862 441 1940 perdit
455 1869 487 1925 et
501 1862 654 1925 immutat
669 1883 783 1925 sensus
798 1864 840 1925 ad
855 1863 999 1941 pristina
1013 1864 1187 1942 quaeque.)

330 1971 376 2033 sio
393 1971 505 2034 odium
522 1972 629 2049 eoepit
646 1972 786 2049 glandis,
803 1972 849 2035 sie
866 1973 924 2035 issa
940 1972 1056 2036 relicta

330 2086 436 2143 strata
452 2081 574 2143 cubilia
590 2089 668 2143 sunt
684 2081 794 2143 herbis
811 2087 844 2144 et
860 2081 1037 2144 frondibus
1053 2088 1160 2146 aucta.

287 2189 426 2267 —pellis
443 2189 522 2252 item
539 2189 657 2253 cecidit
674 2190 776 2253 uestis
793 2197 982 2269 contempta
998 2190 1143 2268 ferinae;

331 2319 430 2376 quam
446 2319 520 2361 reor
538 2299 667 2362 inuidia
684 2299 745 2362 tali
763 2306 844 2362 tune
861 2320 927 2362 esse
945 2307 1120 2378 repertam,

330 2415 369 2471 ut
384 2409 487 2471 letum
501 2408 631 2470 insidiis
647 2409 704 2486 qui
719 2410 818 2486 gessit
834 2409 963 2487 primus
978 2410 1092 2486 obiret,

330 2524 362 2580 et
379 2524 489 2580 tamen
506 2518 594 2580 inter
610 2539 663 2581 eos
680 2518 874 2581 distractam
890 2519 1051 2596 sanguine
1067 2520 1173 2581 multo

330 2627 518 2705 disperiisse
535 2648 640 2705 neque
657 2628 692 2688 in
710 2627 859 2690 fructum
875 2636 1067 2692 conuertere
1084 2628 1201 2706 quisse.

332 2741 411 2799 tuno
427 2736 532 2815 igitur
548 2738 657 2814 pelles
675 2758 764 2799 nuno
780 2758 899 2800 aurum
915 2744 946 2799 et
963 2758 1116 2815 purpura
1133 2738 1221 2801 ouris

331 2853 500 2909 exuereent
519 2846 688 2909 hominum
707 2846 812 2909 uitam
831 2848 979 2924 belloque
997 2847 1162 2925 fatigant3

331 2976 396 3033 quo
410 2956 514 3033 magis
530 2955 564 3016 in
579 2956 682 3032 nobis,
698 2963 736 3018 ut
753 2956 879 3034 opinor,
896 2957 995 3033 eulpa
1010 2957 1140 3019 resedit.

329 3064 440 3142 frigus
457 3065 544 3128 enim
561 3066 667 3128 nudos
684 3065 754 3128 sine
771 3065 914 3143 pellibus
930 3066 1139 3128 excruciabat

330 3173 531 3251 terrigenas;
549 3182 583 3237 at
601 3194 660 3236 nos
678 3174 725 3235 nil
741 3174 844 3236 laedit
860 3181 951 3237 ueste
969 3195 1080 3237 carere

331 3305 502 3362 purpurea
520 3290 618 3361 atque
637 3304 719 3346 auro
737 3283 903 3360 signisque
922 3283 1112 3361 ingentibus
1130 3290 1219 3361 apta,

331 3395 411 3455 dum
427 3393 554 3471 plebeia
569 3400 679 3455 tamen
696 3392 739 3455 sit
756 3413 838 3469 quae
856 3392 1033 3455 defendere
1050 3393 1162 3471 possit.

288 3523 410 3581 -ergo
424 3502 594 3565 hominurn
610 3522 713 3579 genus
730 3501 765 3563 in
782 3522 909 3564 cassum
926 3502 1119 3579 frustraque
1135 3503 1264 3566 laborat

330 3633 458 3690 semper
476 3618 508 3675 et
530 3611 640 3684 <in>
663 3611 752 3673 euris
770 3611 932 3674 consumit
951 3611 1105 3674 inanibus
1123 3630 1247 3688 aeuom,

331 3721 488 3783 nimirum
506 3720 585 3798 quia
600 3741 666 3783 non
684 3720 838 3798 cognouit
855 3741 938 3797 quae
955 3719 998 3782 sit
1013 3719 1156 3784 habendi

331 3831 407 3892 finis
425 3839 457 3895 et
475 3830 607 3893 omnino
626 3830 733 3907 quoad
752 3836 876 3892 creseat
894 3849 975 3892 uera
993 3831 1158 3907 uoluptas.

324 3961 451 4010 1409a1u·
466 3961 523 4010 olio

325 4029 392 4077 1428
404 4030 471 4089 fort.
487 4027 659 4077 exstantibus
