3190 4682
679 429 730 480 DE
748 430 881 479 RERVM
898 430 1052 480 NATVRA
1072 431 1116 480 11⁷

344 641 505 707 —deinde
522 642 630 705 cibum
646 644 796 721 sequitur
812 664 953 723 somnus,
970 645 1058 723 quia,
1074 666 1158 724 quae
1174 646 1256 709 facit
1272 666 1331 722 aer,

386 753 465 814 haec
481 753 593 815 eadem
609 753 710 830 cibus,
726 754 761 814 in
776 775 878 817 uenas
892 756 973 817 dum
988 755 1117 818 diditur
1133 755 1246 832 omnis,

386 861 492 924 efficit.
530 869 563 925 et
578 864 683 926 multo
698 883 795 941 sopor
811 864 866 925 ille
882 864 1097 942 grauissimus
1113 872 1220 928 exstat

386 991 482 1048 quem
497 979 591 1035 satur
606 979 664 1036 aut
680 974 785 1036 lassus
801 974 921 1051 capias,
938 974 1017 1051 quia
1032 974 1179 1052 plurima
1192 980 1264 1037 tum
1277 995 1308 1037 se

386 1100 524 1159 corpora
539 1084 739 1146 conturbant
755 1103 874 1161 magno
889 1090 1026 1146 contusa
1041 1084 1161 1146 labore.

385 1191 430 1268 fit
448 1190 576 1254 ratione
594 1192 707 1255 eadem
725 1193 889 1255 coniectus
908 1200 1003 1270 parte
1022 1192 1145 1256 animai

385 1300 493 1377 altior,
510 1308 608 1377 atque
625 1301 716 1363 foras
730 1302 853 1364 eiectus
868 1302 991 1379 largior
1008 1302 1087 1377 eius,

386 1417 418 1472 et
436 1410 574 1473 diuisior
591 1410 679 1473 inter
695 1432 728 1474 se
746 1432 784 1474 ac
800 1411 990 1474 distractior
1008 1411 1108 1474 intus.

798 1602 848 1650 DE
867 1602 1025 1652 SOMNIIS

449 1689 576 1765 atquo
593 1689 730 1766 quisque
749 1689 818 1752 fere
836 1690 948 1753 studio
963 1690 1138 1753 deuinctus
1155 1692 1308 1754 adhaeret

386 1804 444 1860 aut
459 1798 579 1874 quibus
593 1798 630 1859 in
644 1800 743 1861 rebus
756 1801 898 1863 multum
914 1821 1026 1863 sumus
1042 1808 1118 1863 ante
1132 1799 1253 1863 morati

386 1914 484 1983 atque
502 1907 537 1968 in
555 1929 594 1971 ea
609 1908 737 1972 ratione
755 1908 823 1972 fuit
841 1916 995 1972 contenta
1011 1910 1115 1987 magis
1132 1930 1233 1986 mens,

384 2016 419 2077 in
435 2017 556 2079 somnis
573 2019 685 2080 eadem
701 2019 894 2096 plerumque
910 2019 1064 2081 uidemur
1081 2018 1179 2082 obire.

342 2126 542 2189 —causidici
560 2148 674 2190 causas
692 2148 788 2205 agere
806 2136 838 2190 et
857 2148 1049 2206 componere
1067 2130 1163 2206 leges,

385 2236 637 2314 induperatores
656 2258 805 2315 pugnare
824 2259 861 2300 ac
880 2238 1007 2315 proelia
1024 2238 1122 2314 obire,

384 2352 506 2409 nautae
524 2353 729 2410 contractum
747 2368 821 2410 cum
838 2348 947 2410 uentis
964 2349 1081 2425 degere
1098 2349 1254 2423 duellum,

384 2476 444 2517 nos
459 2477 554 2534 agere
570 2457 629 2519 hoc
647 2464 757 2519 autem
774 2464 806 2521 et
821 2465 977 2520 naturam
994 2478 1150 2534 quaerere
1166 2478 1277 2520 rerum

384 2586 511 2643 semper
530 2573 562 2629 et
579 2566 750 2629 inuentam
768 2566 887 2645 patriis
906 2588 1067 2645 exponere
1085 2567 1217 2630 chartis

385 2683 493 2738 cetera
507 2675 552 2738 sic
567 2676 679 2739 studia
694 2683 792 2753 atque
808 2683 896 2739 artes
911 2677 1105 2754 plerumque
1120 2677 1279 2740 uidentur

384 2784 420 2845 in
436 2785 556 2847 somnis
573 2785 697 2848 animos
712 2785 881 2848 hominum
897 2786 1063 2849 frustrata
1078 2794 1199 2849 tenere.

341 2900 417 2956 —et
433 2894 629 2971 quicumque
647 2895 716 2957 dies
732 2896 852 2958 multos
870 2916 909 2956 ex
926 2895 1040 2958 ordine
1057 2895 1145 2958 ludis

384 3003 540 3066 adsiduas
557 3005 720 3067 dederunt
737 3024 861 3082 operas,
881 3005 1074 3082 plerumque
1090 3004 1251 3081 uidemus,

384 3134 459 3176 cum
473 3113 538 3176 iam
554 3114 754 3177 destiterunt
769 3135 808 3177 ea
822 3114 971 3177 sensibus
984 3135 1157 3192 usurpare,

383 3223 523 3286 relicuas
539 3230 649 3286 tamen
666 3244 733 3287 esse
748 3223 823 3286 uias
837 3224 872 3285 in
889 3230 996 3287 mente
1013 3224 1168 3302 patentis,

384 3354 450 3410 qua
467 3332 593 3411 possint
610 3334 722 3395 eadem
740 3353 851 3395 rerum
868 3333 1044 3396 simulacra
1061 3333 1185 3395 uenire.

384 3463 443 3520 per
459 3444 579 3506 multos
596 3443 707 3520 itaque
724 3443 782 3505 illa
797 3442 867 3505 dies
883 3443 995 3506 eadem
1012 3444 1230 3506 obuersantur

384 3559 460 3615 ante
478 3554 595 3629 oculos,
613 3552 712 3614 etiam
728 3552 905 3629 uigilantes
921 3558 959 3614 ut
976 3552 1156 3614 uideantur

383 3682 515 3725 cernere
532 3661 684 3725 saltantis
701 3670 733 3725 et
749 3661 861 3724 mollia
876 3663 1021 3724 membra
1036 3662 1200 3724 mouentis

383 3779 415 3835 et
432 3772 577 3836 citharae
593 3771 757 3849 liquidum
774 3791 905 3834 carmen
921 3772 1123 3848 chordasque
1140 3771 1303 3849 loquentis

383 3881 519 3945 auribus
534 3881 681 3959 accipere
697 3887 729 3943 et
745 3900 928 3943 consessum
944 3900 1076 3943 cernere
1093 3882 1233 3944 eundem

382 3991 555 4068 scenaique
572 3990 670 4052 simul
686 3989 797 4051 uarios
814 3990 986 4067 splendere
1004 3990 1143 4051 decores,

393 4125 444 4173 959
454 4122 526 4183 vulp.
541 4120 644 4185 partim

877 4206 950 4257 [152]
