3190 4682
539 473 570 523 Τ.
591 471 754 523 wocurt
773 471 862 522 CARI

164 688 296 767 longius
312 709 332 752 a
346 710 428 752 uera
442 689 549 751 multo
563 688 692 752 ratione
709 687 825 751 ferere.

164 798 246 876 quid
262 799 443 861 Nemeaeus
459 798 546 859 enim
562 797 657 860 nobis
671 817 760 859 nunc
776 816 915 873 magnus
930 795 1043 859 hiatus

164 908 220 971 ille
234 907 338 971 leonis
352 909 477 970 obesset
491 913 523 970 et
536 908 675 969 horrens
688 905 855 995 Arcadius
869 909 945 968 sust

163 1017 307 1094 denique
324 1016 406 1094 quid
425 1017 541 1079 Cretae
559 1024 677 1079 taurus
694 1017 905 1093 Lernaeaque
922 1014 1023 1093 pestis

163 1127 273 1203 hydra
290 1126 464 1189 uenenatis
482 1132 590 1204 posset
608 1127 735 1188 uallata
753 1124 916 1188 colubris?

165 1239 288 1317 quidue
304 1237 486 1316 tripectora
502 1236 678 1315 tergemini
692 1235 745 1298 uis
761 1234 927 1311 Geryonai

165 1355 197 1410 et
215 1347 386 1411 Diomedis
402 1346 487 1425 equi,
506 1346 673 1425 spirantes
688 1344 825 1407 naribus
843 1344 961 1422 ignem,

166 1457 302 1520 Thracis
320 1456 552 1534 Bistoniasque
569 1456 685 1534 plagas
703 1462 801 1531 atque
819 1454 947 1517 Ismara
963 1461 1110 1532 propter,

165 1574 260 1630 tanto
275 1587 373 1644 opere
389 1566 553 1629 officerent
568 1565 683 1628 nobist
700 1564 898 1641 Stymphala
913 1564 1075 1626 colentes?

165 1696 330 1754 aureaque
347 1674 570 1754 Hesperidum
586 1694 723 1737 seruans
740 1672 905 1752 fulgentia
921 1674 1017 1750 mala,

165 1806 271 1864 asper,
288 1786 406 1849 acerba
420 1791 527 1860 tuens,
543 1783 679 1847 immani
695 1802 831 1860 corpore
847 1802 982 1860 serpens

165 1895 292 1959 arboris
309 1895 480 1973 amplexus
497 1893 634 1972 stirpem
652 1893 732 1971 quid
750 1893 891 1971 denique
909 1895 1033 1956 obesset

165 2013 302 2086 propter
320 2006 517 2068 Atlanteum
535 2004 615 2067 litus
633 2003 807 2082 pelagique
825 2023 950 2079 seuera,

165 2135 230 2193 quo
244 2134 351 2192 neque
366 2120 478 2177 noster
494 2114 565 2177 adit
581 2113 754 2192 quisquam
770 2133 829 2175 nec
845 2115 1007 2175 barbarus
1022 2113 1144 2176 audetl

165 2233 275 2288 cetera
289 2226 330 2288 de
347 2245 465 2302 genere
480 2226 540 2287 hoc
556 2244 639 2301 quae
655 2230 734 2285 sunt
749 2229 904 2301 portenta
921 2230 1102 2301 perempta,
1159 2204 1161 2207 ⁵

164 2334 211 2398 sei
227 2354 294 2396 non
310 2334 402 2397 uicta
418 2333 540 2409 forent,
558 2332 639 2410 quid
654 2333 789 2395 tandem
805 2332 888 2394 uiua
903 2335 1079 2395 nocerent?

164 2444 222 2521 nil,
237 2451 276 2506 ut
291 2444 425 2522 opinor:
442 2442 491 2506 ita
505 2444 548 2506 ad
563 2442 714 2506 satiatem
729 2449 820 2505 terra
835 2441 985 2505 ferarum

164 2553 368 2616 nuncetiam
384 2552 483 2615 scatit
499 2558 531 2614 et
548 2551 680 2631 trepido
694 2560 820 2614 terrore
836 2552 964 2629 repleta
979 2558 1027 2614 est

164 2682 224 2740 per
240 2682 375 2725 nemora
392 2683 429 2725 ae
444 2669 571 2724 montes
587 2682 722 2739 magnos
738 2661 904 2738 siluasque
922 2660 1125 2739 profundas3

164 2792 248 2849 quae
265 2772 335 2835 loca
352 2771 484 2834 uitandi
502 2772 696 2850 plerumque
713 2777 762 2833 est
777 2778 892 2833 nostra
908 2777 1062 2848 potestas.

122 2889 199 2943 —ot
215 2880 281 2943 nisi
297 2887 509 2959 purgatumst
526 2888 650 2959 pectus,
667 2900 751 2958 quae
768 2880 894 2957 proelia
908 2880 1002 2943 nobis

164 2997 262 3068 atque
279 2989 429 3067 pericula
443 2997 522 3052 sunt
538 2989 679 3067 ingratis
695 2990 913 3052 insinuanda!

164 3107 308 3177 quantae
325 3107 397 3162 tum
413 3099 570 3162 scindunt
588 3099 751 3162 hominem
768 3099 965 3178 cuppedinis
983 3119 1073 3162 acres

163 3207 341 3271 sollicitum
358 3228 456 3271 curae
473 3208 655 3286 quantique
673 3208 810 3285 perinde
828 3208 977 3271 timores!

164 3318 287 3396 quidue
303 3318 460 3396 superbia
476 3317 637 3395 spurcitia
653 3338 690 3380 ac
707 3317 915 3394 petulantiat
933 3324 1074 3395 quantas

163 3427 308 3490 efficiunt
324 3427 449 3490 clades!
468 3426 549 3504 quid
565 3427 664 3489 luxus
679 3426 910 3504 desidiaeque?

121 3537 242 3599 -haec
259 3535 364 3614 igitur
381 3536 439 3613 qui
455 3542 575 3599 cuncta
591 3536 758 3613 subegerit
775 3557 815 3599 ex
831 3535 1004 3614 animoque

164 3645 329 3723 expulerit
344 3645 452 3721 dictis,
468 3665 536 3707 non
552 3645 661 3721 armis,
678 3665 786 3707 nonne
802 3645 928 3709 decebit

162 3756 251 3818 hune
268 3755 432 3816 hominem
448 3775 586 3817 numero
602 3754 713 3816 diuom
731 3755 901 3831 dignarier
918 3758 1006 3819 esset

164 3885 237 3927 cum
252 3866 333 3927 bene
350 3863 544 3942 praesertim
559 3864 665 3926 multa
680 3884 717 3926 ac
733 3864 897 3926 diuinitus
913 3863 994 3941 ipsis

164 3972 402 4036 immortalibu'
419 3973 460 4034 de
478 3972 565 4034 diuis
583 3972 662 4035 dare
681 3973 770 4035 diota
788 3973 892 4036 suerit

190 4123 224 4171 44
234 4122 306 4184 vulp.
323 4121 651 4172 tumst-insinuandum

658 4248 732 4300 [166]
