<?xml version="1.0" encoding="UTF-8"?>
<!DOCTYPE html PUBLIC "-//W3C//DTD XHTML 1.0 Transitional//EN"
    "http://www.w3.org/TR/xhtml1/DTD/xhtml1-transitional.dtd">
<html xmlns="http://www.w3.org/1999/xhtml" xml:lang="en" lang="en">
 <head>
  <title>
</title>
<meta http-equiv="Content-Type" content="text/html;charset=utf-8" />
  <meta name='ocr-system' content='tesseract 3.04.00' />
  <meta name='ocr-capabilities' content='ocr_page ocr_carea ocr_par ocr_line ocrx_word'/>
</head>
<body>
  <div class='ocr_page' id='page_1' title='image "./lvcretiderervmn00merrgoog_0045.png"; bbox 0 0 3234 4684; ppageno 0'>
   <div class='ocr_carea' id='block_1_1' title="bbox 698 416 1017 468">
    <p class='ocr_par' dir='ltr' id='par_1_1' title="bbox 698 416 1017 468">
     <span class='ocr_line' id='line_1_1' title="bbox 698 416 1017 468; baseline 0 -2"><span class='ocrx_word' id='word_1_1' title='bbox 698 417 729 466; x_wconf 85' lang='grc' dir='ltr'>Τ.</span> <span class='ocrx_word' id='word_1_2' title='bbox 747 416 910 467; x_wconf 81' lang='lat' dir='ltr'><strong><em>LVORETI</em></strong></span> <span class='ocrx_word' id='word_1_3' title='bbox 928 416 1017 468; x_wconf 68' lang='lat' dir='ltr'>canl</span> 
     </span>
    </p>
   </div>
   <div class='ocr_carea' id='block_1_2' title="bbox 327 647 1110 1166">
    <p class='ocr_par' dir='ltr' id='par_1_2' title="bbox 327 647 1110 1166">
     <span class='ocr_line' id='line_1_2' title="bbox 327 647 1025 727; baseline 0 -17"><span class='ocrx_word' id='word_1_4' title='bbox 327 647 355 710; x_wconf 94' lang='lat' dir='ltr'>si</span> <span class='ocrx_word' id='word_1_5' title='bbox 371 647 443 709; x_wconf 89' lang='lat' dir='ltr'>fieri</span> <span class='ocrx_word' id='word_1_6' title='bbox 459 668 526 712; x_wconf 89' lang='lat' dir='ltr'>non</span> <span class='ocrx_word' id='word_1_7' title='bbox 542 668 635 727; x_wconf 91' lang='lat' dir='ltr'>posse</span> <span class='ocrx_word' id='word_1_8' title='bbox 651 655 760 727; x_wconf 89' lang='lat' dir='ltr'>putas,</span> <span class='ocrx_word' id='word_1_9' title='bbox 777 649 858 726; x_wconf 91' lang='lat' dir='ltr'>quin</span> <span class='ocrx_word' id='word_1_10' title='bbox 874 648 1025 712; x_wconf 89' lang='lat' dir='ltr'>materiai</span> 
     </span>
     <span class='ocr_line' id='line_1_3' title="bbox 327 758 1082 837; baseline -0.001 -16"><span class='ocrx_word' id='word_1_11' title='bbox 327 777 466 836; x_wconf 89' lang='lat' dir='ltr'>corpora</span> <span class='ocrx_word' id='word_1_12' title='bbox 482 758 643 821; x_wconf 90' lang='lat' dir='ltr'>consimili</span> <span class='ocrx_word' id='word_1_13' title='bbox 659 766 782 822; x_wconf 89' lang='lat' dir='ltr'>natura</span> <span class='ocrx_word' id='word_1_14' title='bbox 798 758 951 837; x_wconf 89' lang='lat' dir='ltr'>praedita</span> <span class='ocrx_word' id='word_1_15' title='bbox 967 758 1082 835; x_wconf 81' lang='lat' dir='ltr'>fingas,</span> 
     </span>
     <span class='ocr_line' id='line_1_4' title="bbox 327 867 1110 947; baseline 0.001 -18"><span class='ocrx_word' id='word_1_16' title='bbox 327 868 389 930; x_wconf 90' lang='lat' dir='ltr'>hac</span> <span class='ocrx_word' id='word_1_17' title='bbox 405 867 534 932; x_wconf 89' lang='lat' dir='ltr'>ratione</span> <span class='ocrx_word' id='word_1_18' title='bbox 550 868 613 931; x_wconf 89' lang='lat' dir='ltr'>tibi</span> <span class='ocrx_word' id='word_1_19' title='bbox 629 875 771 947; x_wconf 88' lang='lat' dir='ltr'>pereunt</span> <span class='ocrx_word' id='word_1_20' title='bbox 789 868 972 947; x_wconf 90' lang='lat' dir='ltr'>primordia</span> <span class='ocrx_word' id='word_1_21' title='bbox 989 889 1110 931; x_wconf 85' lang='lat' dir='ltr'>rerum.</span> 
     </span>
     <span class='ocr_line' id='line_1_5' title="bbox 327 977 1078 1042; baseline 0 -3"><span class='ocrx_word' id='word_1_22' title='bbox 327 977 384 1040; x_wconf 86' lang='lat' dir='ltr'>fiet</span> <span class='ocrx_word' id='word_1_23' title='bbox 399 978 451 1040; x_wconf 90' lang='lat' dir='ltr'>uti</span> <span class='ocrx_word' id='word_1_24' title='bbox 466 978 536 1041; x_wconf 88' lang='lat' dir='ltr'>risu</span> <span class='ocrx_word' id='word_1_25' title='bbox 552 980 695 1041; x_wconf 88' lang='lat' dir='ltr'>tremulo</span> <span class='ocrx_word' id='word_1_26' title='bbox 709 998 865 1042; x_wconf 90' lang='lat' dir='ltr'>concussa</span> <span class='ocrx_word' id='word_1_27' title='bbox 881 978 1078 1041; x_wconf 81' lang='lat' dir='ltr'>cachinnent</span> 
     </span>
     <span class='ocr_line' id='line_1_6' title="bbox 328 1088 1076 1166; baseline -0.001 -15"><span class='ocrx_word' id='word_1_28' title='bbox 328 1095 361 1151; x_wconf 90' lang='lat' dir='ltr'>et</span> <span class='ocrx_word' id='word_1_29' title='bbox 376 1088 522 1150; x_wconf 81' lang='lat' dir='ltr'><strong>lacrimis</strong></span> <span class='ocrx_word' id='word_1_30' title='bbox 535 1088 631 1152; x_wconf 81' lang='lat' dir='ltr'>salsis</span> <span class='ocrx_word' id='word_1_31' title='bbox 645 1095 810 1151; x_wconf 91' lang='lat' dir='ltr'>umectent</span> <span class='ocrx_word' id='word_1_32' title='bbox 828 1108 885 1151; x_wconf 89' lang='lat' dir='ltr'>ora</span> <span class='ocrx_word' id='word_1_33' title='bbox 902 1108 1076 1166; x_wconf 81' lang='lat' dir='ltr'>genasque.</span> 
     </span>
    </p>
   </div>
   <div class='ocr_carea' id='block_1_3' title="bbox 282 1365 1375 3969">
    <p class='ocr_par' dir='ltr' id='par_1_3' title="bbox 328 1365 1306 1994">
     <span class='ocr_line' id='line_1_7' title="bbox 376 1365 1306 1445; baseline 0 -17"><span class='ocrx_word' id='word_1_34' title='bbox 376 1367 489 1442; x_wconf 90' lang='lat' dir='ltr'>(Nunc</span> <span class='ocrx_word' id='word_1_35' title='bbox 506 1387 566 1444; x_wconf 81' lang='lat' dir='ltr'>age</span> <span class='ocrx_word' id='word_1_36' title='bbox 583 1368 671 1445; x_wconf 91' lang='lat' dir='ltr'>quod</span> <span class='ocrx_word' id='word_1_37' title='bbox 688 1375 837 1445; x_wconf 78' lang='lat' dir='ltr'>superest</span> <span class='ocrx_word' id='word_1_38' title='bbox 855 1387 1010 1445; x_wconf 83' lang='lat' dir='ltr'>cognosce</span> <span class='ocrx_word' id='word_1_39' title='bbox 1028 1375 1060 1429; x_wconf 89' lang='lat' dir='ltr'>et</span> <span class='ocrx_word' id='word_1_40' title='bbox 1077 1366 1199 1429; x_wconf 90' lang='lat' dir='ltr'>clarius</span> <span class='ocrx_word' id='word_1_41' title='bbox 1216 1365 1306 1429; x_wconf 90' lang='lat' dir='ltr'>audi.</span> 
     </span>
     <span class='ocr_line' id='line_1_8' title="bbox 328 1475 1212 1555; baseline -0.003 -16"><span class='ocrx_word' id='word_1_42' title='bbox 328 1498 387 1540; x_wconf 90' lang='lat' dir='ltr'>nec</span> <span class='ocrx_word' id='word_1_43' title='bbox 403 1499 455 1541; x_wconf 93' lang='lat' dir='ltr'>me</span> <span class='ocrx_word' id='word_1_44' title='bbox 472 1477 574 1540; x_wconf 87' lang='lat' dir='ltr'>animi</span> <span class='ocrx_word' id='word_1_45' title='bbox 591 1477 681 1540; x_wconf 85' lang='lat' dir='ltr'>fallit</span> <span class='ocrx_word' id='word_1_46' title='bbox 697 1498 796 1555; x_wconf 90' lang='lat' dir='ltr'>quam</span> <span class='ocrx_word' id='word_1_47' title='bbox 811 1477 879 1540; x_wconf 90' lang='lat' dir='ltr'>sint</span> <span class='ocrx_word' id='word_1_48' title='bbox 896 1478 1051 1553; x_wconf 90' lang='lat' dir='ltr'>obscura;</span> <span class='ocrx_word' id='word_1_49' title='bbox 1069 1477 1126 1540; x_wconf 94' lang='lat' dir='ltr'>sed</span> <span class='ocrx_word' id='word_1_50' title='bbox 1143 1475 1212 1539; x_wconf 88' lang='lat' dir='ltr'>acri</span> 
     </span>
     <span class='ocr_line' id='line_1_9' title="bbox 331 1587 1168 1666; baseline -0.001 -18"><span class='ocrx_word' id='word_1_51' title='bbox 331 1587 491 1665; x_wconf 79' lang='lat' dir='ltr'>percussit</span> <span class='ocrx_word' id='word_1_52' title='bbox 506 1587 623 1664; x_wconf 87' lang='lat' dir='ltr'>thyrso</span> <span class='ocrx_word' id='word_1_53' title='bbox 637 1587 748 1650; x_wconf 88' lang='lat' dir='ltr'>laudis</span> <span class='ocrx_word' id='word_1_54' title='bbox 763 1607 836 1666; x_wconf 93' lang='lat' dir='ltr'>spes</span> <span class='ocrx_word' id='word_1_55' title='bbox 852 1607 973 1664; x_wconf 83' lang='lat' dir='ltr'>magna</span> <span class='ocrx_word' id='word_1_56' title='bbox 988 1607 1097 1649; x_wconf 93' lang='lat' dir='ltr'>meum</span> <span class='ocrx_word' id='word_1_57' title='bbox 1113 1605 1168 1648; x_wconf 91' lang='lat' dir='ltr'>cor</span> 
     </span>
     <span class='ocr_line' id='line_1_10' title="bbox 329 1696 1178 1774; baseline -0.004 -15"><span class='ocrx_word' id='word_1_58' title='bbox 329 1704 361 1759; x_wconf 94' lang='lat' dir='ltr'>et</span> <span class='ocrx_word' id='word_1_59' title='bbox 377 1697 475 1759; x_wconf 92' lang='lat' dir='ltr'>simul</span> <span class='ocrx_word' id='word_1_60' title='bbox 490 1696 628 1759; x_wconf 81' lang='lat' dir='ltr'>incussit</span> <span class='ocrx_word' id='word_1_61' title='bbox 642 1717 778 1759; x_wconf 91' lang='lat' dir='ltr'>suauem</span> <span class='ocrx_word' id='word_1_62' title='bbox 792 1696 838 1758; x_wconf 93' lang='lat' dir='ltr'>mi</span> <span class='ocrx_word' id='word_1_63' title='bbox 853 1697 888 1758; x_wconf 92' lang='lat' dir='ltr'>in</span> <span class='ocrx_word' id='word_1_64' title='bbox 904 1704 1020 1774; x_wconf 88' lang='lat' dir='ltr'>pectus</span> <span class='ocrx_word' id='word_1_65' title='bbox 1036 1714 1178 1759; x_wconf 90' lang='lat' dir='ltr'>amorem</span> 
     </span>
     <span class='ocr_line' id='line_1_11' title="bbox 328 1805 1156 1883; baseline -0.002 -15"><span class='ocrx_word' id='word_1_66' title='bbox 328 1827 507 1882; x_wconf 84' lang='lat' dir='ltr'>musarum,</span> <span class='ocrx_word' id='word_1_67' title='bbox 524 1826 590 1883; x_wconf 90' lang='lat' dir='ltr'>quo</span> <span class='ocrx_word' id='word_1_68' title='bbox 605 1827 694 1869; x_wconf 88' lang='lat' dir='ltr'>nunc</span> <span class='ocrx_word' id='word_1_69' title='bbox 710 1805 889 1869; x_wconf 90' lang='lat' dir='ltr'>instinctus</span> <span class='ocrx_word' id='word_1_70' title='bbox 903 1812 1011 1867; x_wconf 90' lang='lat' dir='ltr'>mente</span> <span class='ocrx_word' id='word_1_71' title='bbox 1028 1805 1156 1882; x_wconf 88' lang='lat' dir='ltr'>uigenti</span> 
     </span>
     <span class='ocr_line' id='line_1_12' title="bbox 329 1915 1072 1994; baseline -0.003 -15"><span class='ocrx_word' id='word_1_72' title='bbox 329 1916 406 1979; x_wconf 87' lang='lat' dir='ltr'>auia</span> <span class='ocrx_word' id='word_1_73' title='bbox 422 1915 593 1979; x_wconf 89' lang='lat' dir='ltr'>Pieridum</span> <span class='ocrx_word' id='word_1_74' title='bbox 610 1936 752 1994; x_wconf 85' lang='lat' dir='ltr'>peragro</span> <span class='ocrx_word' id='word_1_75' title='bbox 767 1917 838 1978; x_wconf 91' lang='lat' dir='ltr'>loca</span> <span class='ocrx_word' id='word_1_76' title='bbox 853 1915 980 1977; x_wconf 91' lang='lat' dir='ltr'>nullius</span> <span class='ocrx_word' id='word_1_77' title='bbox 995 1922 1072 1978; x_wconf 90' lang='lat' dir='ltr'>ante</span> 
     </span>
    </p>

    <p class='ocr_par' dir='ltr' id='par_1_4' title="bbox 282 2023 1188 2870">
     <span class='ocr_line' id='line_1_13' title="bbox 282 2023 1071 2102; baseline -0.004 -13"><span class='ocrx_word' id='word_1_78' title='bbox 282 2056 284 2060; x_wconf 32' lang='lat'>⁸</span> <span class='ocrx_word' id='word_1_79' title='bbox 328 2026 412 2089; x_wconf 90' lang='lat' dir='ltr'>trita</span> <span class='ocrx_word' id='word_1_80' title='bbox 427 2027 504 2088; x_wconf 89' lang='lat' dir='ltr'>solo.</span> <span class='ocrx_word' id='word_1_81' title='bbox 522 2025 617 2088; x_wconf 91' lang='lat' dir='ltr'>iuuat</span> <span class='ocrx_word' id='word_1_82' title='bbox 634 2025 780 2102; x_wconf 84' lang='lat' dir='ltr'>integros</span> <span class='ocrx_word' id='word_1_83' title='bbox 797 2026 949 2088; x_wconf 91' lang='lat' dir='ltr'>accedere</span> <span class='ocrx_word' id='word_1_84' title='bbox 967 2023 1071 2087; x_wconf 84' lang='lat' dir='ltr'>fontis</span> 
     </span>
     <span class='ocr_line' id='line_1_14' title="bbox 329 2134 1188 2213; baseline -0.005 -14"><span class='ocrx_word' id='word_1_85' title='bbox 329 2143 428 2213; x_wconf 87' lang='lat' dir='ltr'>atque</span> <span class='ocrx_word' id='word_1_86' title='bbox 444 2135 589 2211; x_wconf 88' lang='lat' dir='ltr'>haurire,</span> <span class='ocrx_word' id='word_1_87' title='bbox 607 2135 767 2212; x_wconf 90' lang='lat' dir='ltr'>iuuatque</span> <span class='ocrx_word' id='word_1_88' title='bbox 783 2154 886 2197; x_wconf 91' lang='lat' dir='ltr'>nouos</span> <span class='ocrx_word' id='word_1_89' title='bbox 902 2135 1076 2212; x_wconf 84' lang='lat' dir='ltr'>decerpere</span> <span class='ocrx_word' id='word_1_90' title='bbox 1093 2134 1188 2196; x_wconf 89' lang='lat' dir='ltr'>flores</span> 
     </span>
     <span class='ocr_line' id='line_1_15' title="bbox 328 2244 1151 2323; baseline -0.002 -16"><span class='ocrx_word' id='word_1_91' title='bbox 328 2245 555 2323; x_wconf 82' lang='lat' dir='ltr'>insignemque</span> <span class='ocrx_word' id='word_1_92' title='bbox 571 2265 642 2307; x_wconf 90' lang='lat' dir='ltr'>meo</span> <span class='ocrx_word' id='word_1_93' title='bbox 657 2244 760 2322; x_wconf 90' lang='lat' dir='ltr'>capiti</span> <span class='ocrx_word' id='word_1_94' title='bbox 777 2252 888 2322; x_wconf 90' lang='lat' dir='ltr'>petere</span> <span class='ocrx_word' id='word_1_95' title='bbox 905 2244 982 2305; x_wconf 92' lang='lat' dir='ltr'>inde</span> <span class='ocrx_word' id='word_1_96' title='bbox 999 2263 1151 2306; x_wconf 88' lang='lat' dir='ltr'>coronam</span> 
     </span>
     <span class='ocr_line' id='line_1_16' title="bbox 328 2354 1092 2433; baseline -0.005 -15"><span class='ocrx_word' id='word_1_97' title='bbox 328 2357 417 2419; x_wconf 89' lang='lat' dir='ltr'>unde</span> <span class='ocrx_word' id='word_1_98' title='bbox 433 2355 528 2433; x_wconf 92' lang='lat' dir='ltr'>prius</span> <span class='ocrx_word' id='word_1_99' title='bbox 544 2355 629 2418; x_wconf 90' lang='lat' dir='ltr'>nulli</span> <span class='ocrx_word' id='word_1_100' title='bbox 645 2354 790 2417; x_wconf 88' lang='lat' dir='ltr'>uelarint</span> <span class='ocrx_word' id='word_1_101' title='bbox 806 2362 956 2431; x_wconf 87' lang='lat' dir='ltr'>tempora</span> <span class='ocrx_word' id='word_1_102' title='bbox 971 2372 1092 2415; x_wconf 90' lang='lat' dir='ltr'>musae.</span> 
     </span>
     <span class='ocr_line' id='line_1_17' title="bbox 328 2462 1158 2551; baseline -0.004 -25"><span class='ocrx_word' id='word_1_103' title='bbox 328 2465 475 2544; x_wconf 87' lang='lat' dir='ltr'>primum</span> <span class='ocrx_word' id='word_1_104' title='bbox 491 2466 578 2542; x_wconf 92' lang='lat' dir='ltr'>quod</span> <span class='ocrx_word' id='word_1_105' title='bbox 595 2464 724 2542; x_wconf 81' lang='lat' dir='ltr'>magnis</span> <span class='ocrx_word' id='word_1_106' title='bbox 741 2465 838 2526; x_wconf 94' lang='lat' dir='ltr'>doceo</span> <span class='ocrx_word' id='word_1_107' title='bbox 855 2464 894 2525; x_wconf 92' lang='lat' dir='ltr'>de</span> <span class='ocrx_word' id='word_1_108' title='bbox 911 2464 1010 2525; x_wconf 92' lang='lat' dir='ltr'>rebus</span> <span class='ocrx_word' id='word_1_109' title='bbox 1025 2469 1057 2525; x_wconf 88' lang='lat' dir='ltr'>et</span> <span class='ocrx_word' id='word_1_110' title='bbox 1075 2462 1158 2551; x_wconf 84' lang='lat' dir='ltr'>artis</span> 
     </span>
     <span class='ocr_line' id='line_1_18' title="bbox 328 2572 1121 2653; baseline -0.004 -16"><span class='ocrx_word' id='word_1_111' title='bbox 328 2575 526 2653; x_wconf 84' lang='lat' dir='ltr'>religionum</span> <span class='ocrx_word' id='word_1_112' title='bbox 543 2575 690 2637; x_wconf 88' lang='lat' dir='ltr'>animum</span> <span class='ocrx_word' id='word_1_113' title='bbox 706 2573 801 2636; x_wconf 91' lang='lat' dir='ltr'>nodis</span> <span class='ocrx_word' id='word_1_114' title='bbox 819 2572 985 2637; x_wconf 87' lang='lat' dir='ltr'>exsoluere</span> <span class='ocrx_word' id='word_1_115' title='bbox 1002 2591 1121 2650; x_wconf 82' lang='lat' dir='ltr'>perg03</span> 
     </span>
     <span class='ocr_line' id='line_1_19' title="bbox 329 2682 1150 2762; baseline -0.005 -14"><span class='ocrx_word' id='word_1_116' title='bbox 329 2685 448 2748; x_wconf 88' lang='lat' dir='ltr'>deinde</span> <span class='ocrx_word' id='word_1_117' title='bbox 464 2686 552 2762; x_wconf 92' lang='lat' dir='ltr'>quod</span> <span class='ocrx_word' id='word_1_118' title='bbox 568 2686 705 2747; x_wconf 89' lang='lat' dir='ltr'>obscura</span> <span class='ocrx_word' id='word_1_119' title='bbox 722 2685 762 2745; x_wconf 94' lang='lat' dir='ltr'>de</span> <span class='ocrx_word' id='word_1_120' title='bbox 777 2704 812 2744; x_wconf 92' lang='grc'>10</span> <span class='ocrx_word' id='word_1_121' title='bbox 828 2691 897 2746; x_wconf 88' lang='lat' dir='ltr'>tam</span> <span class='ocrx_word' id='word_1_122' title='bbox 912 2682 1024 2745; x_wconf 91' lang='lat' dir='ltr'>lucida</span> <span class='ocrx_word' id='word_1_123' title='bbox 1040 2701 1150 2759; x_wconf 85' lang='lat' dir='ltr'>pango</span> 
     </span>
     <span class='ocr_line' id='line_1_20' title="bbox 329 2793 1114 2870; baseline -0.005 -13"><span class='ocrx_word' id='word_1_124' title='bbox 329 2796 485 2870; x_wconf 88' lang='lat' dir='ltr'>carmina,</span> <span class='ocrx_word' id='word_1_125' title='bbox 502 2815 635 2857; x_wconf 90' lang='lat' dir='ltr'>musaeo</span> <span class='ocrx_word' id='word_1_126' title='bbox 649 2793 842 2870; x_wconf 84' lang='lat' dir='ltr'>contingens</span> <span class='ocrx_word' id='word_1_127' title='bbox 859 2800 978 2854; x_wconf 88' lang='lat' dir='ltr'>cuncta</span> <span class='ocrx_word' id='word_1_128' title='bbox 994 2793 1114 2868; x_wconf 90' lang='lat' dir='ltr'>lepore.</span> 
     </span>
    </p>

    <p class='ocr_par' dir='ltr' id='par_1_5' title="bbox 286 2901 1375 3969">
     <span class='ocr_line' id='line_1_21' title="bbox 286 2901 1162 2982; baseline -0.007 -15"><span class='ocrx_word' id='word_1_129' title='bbox 286 2905 364 2967; x_wconf 94' lang='lat' dir='ltr'>—id</span> <span class='ocrx_word' id='word_1_130' title='bbox 380 2925 508 2982; x_wconf 91' lang='lat' dir='ltr'>quoque</span> <span class='ocrx_word' id='word_1_131' title='bbox 524 2904 613 2967; x_wconf 91' lang='lat' dir='ltr'>enim</span> <span class='ocrx_word' id='word_1_132' title='bbox 627 2923 692 2966; x_wconf 94' lang='lat' dir='ltr'>non</span> <span class='ocrx_word' id='word_1_133' title='bbox 709 2904 749 2966; x_wconf 90' lang='lat' dir='ltr'>ab</span> <span class='ocrx_word' id='word_1_134' title='bbox 765 2903 859 2965; x_wconf 89' lang='lat' dir='ltr'>nulia</span> <span class='ocrx_word' id='word_1_135' title='bbox 873 2901 1000 2964; x_wconf 91' lang='lat' dir='ltr'>ratione</span> <span class='ocrx_word' id='word_1_136' title='bbox 1017 2901 1162 2963; x_wconf 89' lang='lat' dir='ltr'>uidetur.</span> 
     </span>
     <span class='ocr_line' id='line_1_22' title="bbox 329 3012 1126 3092; baseline -0.005 -15"><span class='ocrx_word' id='word_1_137' title='bbox 329 3016 386 3078; x_wconf 88' lang='lat' dir='ltr'>sed</span> <span class='ocrx_word' id='word_1_138' title='bbox 402 3014 509 3078; x_wconf 90' lang='lat' dir='ltr'>ueluti</span> <span class='ocrx_word' id='word_1_139' title='bbox 524 3014 637 3092; x_wconf 90' lang='lat' dir='ltr'>pueris</span> <span class='ocrx_word' id='word_1_140' title='bbox 653 3012 819 3076; x_wconf 89' lang='lat' dir='ltr'>absinthia</span> <span class='ocrx_word' id='word_1_141' title='bbox 835 3019 943 3075; x_wconf 88' lang='lat' dir='ltr'>taetra</span> <span class='ocrx_word' id='word_1_142' title='bbox 959 3012 1126 3074; x_wconf 90' lang='lat' dir='ltr'>medentes</span> 
     </span>
     <span class='ocr_line' id='line_1_23' title="bbox 329 3121 1159 3201; baseline -0.007 -14"><span class='ocrx_word' id='word_1_143' title='bbox 329 3146 403 3187; x_wconf 91' lang='lat' dir='ltr'>cum</span> <span class='ocrx_word' id='word_1_144' title='bbox 420 3126 498 3187; x_wconf 88' lang='lat' dir='ltr'>dare</span> <span class='ocrx_word' id='word_1_145' title='bbox 514 3130 686 3199; x_wconf 90' lang='lat' dir='ltr'>conantur,</span> <span class='ocrx_word' id='word_1_146' title='bbox 702 3123 797 3201; x_wconf 90' lang='lat' dir='ltr'>prius</span> <span class='ocrx_word' id='word_1_147' title='bbox 813 3142 888 3184; x_wconf 88' lang='lat' dir='ltr'>oras</span> <span class='ocrx_word' id='word_1_148' title='bbox 902 3121 1019 3199; x_wconf 88' lang='lat' dir='ltr'>pocula</span> <span class='ocrx_word' id='word_1_149' title='bbox 1036 3121 1159 3184; x_wconf 91' lang='lat' dir='ltr'>circum</span> 
     </span>
     <span class='ocr_line' id='line_1_24' title="bbox 330 3231 1080 3311; baseline -0.005 -14"><span class='ocrx_word' id='word_1_150' title='bbox 330 3235 527 3311; x_wconf 84' lang='lat' dir='ltr'>contingunt</span> <span class='ocrx_word' id='word_1_151' title='bbox 545 3233 651 3296; x_wconf 90' lang='lat' dir='ltr'>mellis</span> <span class='ocrx_word' id='word_1_152' title='bbox 668 3232 757 3295; x_wconf 91' lang='lat' dir='ltr'>dulci</span> <span class='ocrx_word' id='word_1_153' title='bbox 775 3232 926 3309; x_wconf 88' lang='lat' dir='ltr'>flauoque</span> <span class='ocrx_word' id='word_1_154' title='bbox 944 3231 1080 3308; x_wconf 90' lang='lat' dir='ltr'>liquore,</span> 
     </span>
     <span class='ocr_line' id='line_1_25' title="bbox 329 3341 1072 3421; baseline -0.008 -14"><span class='ocrx_word' id='word_1_155' title='bbox 329 3352 368 3407; x_wconf 92' lang='lat' dir='ltr'>ut</span> <span class='ocrx_word' id='word_1_156' title='bbox 386 3364 564 3421; x_wconf 87' lang='lat' dir='ltr'>puerorum</span> <span class='ocrx_word' id='word_1_157' title='bbox 583 3350 673 3406; x_wconf 91' lang='lat' dir='ltr'>aetas</span> <span class='ocrx_word' id='word_1_158' title='bbox 689 3341 865 3420; x_wconf 88' lang='lat' dir='ltr'>inprovida</span> <span class='ocrx_word' id='word_1_159' title='bbox 882 3341 1072 3403; x_wconf 89' lang='lat' dir='ltr'>ludificetur</span> 
     </span>
     <span class='ocr_line' id='line_1_26' title="bbox 330 3453 1098 3529; baseline -0.005 -14"><span class='ocrx_word' id='word_1_160' title='bbox 330 3456 498 3517; x_wconf 91' lang='lat' dir='ltr'>labrorum</span> <span class='ocrx_word' id='word_1_161' title='bbox 513 3460 619 3529; x_wconf 87' lang='lat' dir='ltr'>tenus,</span> <span class='ocrx_word' id='word_1_162' title='bbox 637 3453 765 3515; x_wconf 90' lang='lat' dir='ltr'>interea</span> <span class='ocrx_word' id='word_1_163' title='bbox 781 3458 933 3529; x_wconf 89' lang='lat' dir='ltr'>perpotet</span> <span class='ocrx_word' id='word_1_164' title='bbox 950 3471 1098 3514; x_wconf 90' lang='lat' dir='ltr'>amarum</span> 
     </span>
     <span class='ocr_line' id='line_1_27' title="bbox 330 3560 1110 3639; baseline -0.008 -12"><span class='ocrx_word' id='word_1_165' title='bbox 330 3563 476 3627; x_wconf 84' lang='lat' dir='ltr'>absinthi</span> <span class='ocrx_word' id='word_1_166' title='bbox 493 3562 624 3626; x_wconf 87' lang='lat' dir='ltr'>laticem</span> <span class='ocrx_word' id='word_1_167' title='bbox 643 3563 843 3639; x_wconf 87' lang='lat' dir='ltr'>deceptaque</span> <span class='ocrx_word' id='word_1_168' title='bbox 862 3581 929 3622; x_wconf 95' lang='lat' dir='ltr'>non</span> <span class='ocrx_word' id='word_1_169' title='bbox 947 3560 1110 3638; x_wconf 84' lang='lat' dir='ltr'>capiatur,</span> 
     </span>
     <span class='ocr_line' id='line_1_28' title="bbox 330 3672 1040 3751; baseline -0.008 -15"><span class='ocrx_word' id='word_1_170' title='bbox 330 3675 386 3737; x_wconf 91' lang='lat' dir='ltr'>sed</span> <span class='ocrx_word' id='word_1_171' title='bbox 403 3673 514 3751; x_wconf 91' lang='lat' dir='ltr'>potius</span> <span class='ocrx_word' id='word_1_172' title='bbox 530 3673 591 3735; x_wconf 84' lang='lat' dir='ltr'>tali</span> <span class='ocrx_word' id='word_1_173' title='bbox 608 3679 706 3750; x_wconf 89' lang='lat' dir='ltr'>pacto</span> <span class='ocrx_word' id='word_1_174' title='bbox 721 3677 869 3734; x_wconf 87' lang='lat' dir='ltr'>recreata</span> <span class='ocrx_word' id='word_1_175' title='bbox 885 3672 1040 3745; x_wconf 86' lang='lat' dir='ltr'>ualescat,</span> 
     </span>
     <span class='ocr_line' id='line_1_29' title="bbox 330 3777 1375 3861; baseline -0.007 -16"><span class='ocrx_word' id='word_1_176' title='bbox 330 3784 375 3846; x_wconf 84' lang='lat' dir='ltr'>sic</span> <span class='ocrx_word' id='word_1_177' title='bbox 392 3803 452 3861; x_wconf 83' lang='lat' dir='ltr'>ego</span> <span class='ocrx_word' id='word_1_178' title='bbox 466 3803 564 3858; x_wconf 89' lang='lat' dir='ltr'>nunc,</span> <span class='ocrx_word' id='word_1_179' title='bbox 581 3782 736 3859; x_wconf 90' lang='lat' dir='ltr'>quoniam</span> <span class='ocrx_word' id='word_1_180' title='bbox 751 3782 831 3843; x_wconf 88' lang='lat' dir='ltr'>haec</span> <span class='ocrx_word' id='word_1_181' title='bbox 847 3780 933 3843; x_wconf 88' lang='lat' dir='ltr'>ratio</span> <span class='ocrx_word' id='word_1_182' title='bbox 949 3781 1142 3857; x_wconf 91' lang='lat' dir='ltr'>plerumque</span> <span class='ocrx_word' id='word_1_183' title='bbox 1158 3777 1375 3851; x_wconf 89' lang='lat' dir='ltr'>uidet&lt;ur&gt;</span> 
     </span>
     <span class='ocr_line' id='line_1_30' title="bbox 330 3891 1167 3969; baseline -0.006 -13"><span class='ocrx_word' id='word_1_184' title='bbox 330 3893 458 3956; x_wconf 91' lang='lat' dir='ltr'>tristior</span> <span class='ocrx_word' id='word_1_185' title='bbox 475 3913 542 3955; x_wconf 90' lang='grc'><strong>0000</strong></span> <span class='ocrx_word' id='word_1_186' title='bbox 558 3891 677 3969; x_wconf 89' lang='lat' dir='ltr'>quibus</span> <span class='ocrx_word' id='word_1_187' title='bbox 694 3911 760 3952; x_wconf 94' lang='lat' dir='ltr'>non</span> <span class='ocrx_word' id='word_1_188' title='bbox 778 3898 826 3953; x_wconf 89' lang='lat' dir='ltr'>est</span> <span class='ocrx_word' id='word_1_189' title='bbox 842 3895 996 3965; x_wconf 84' lang='lat' dir='ltr'>tractata,</span> <span class='ocrx_word' id='word_1_190' title='bbox 1014 3895 1167 3965; x_wconf 90' lang='lat' dir='ltr'>retroque</span> 
     </span>
    </p>
   </div>
   <div class='ocr_carea' id='block_1_4' title="bbox 330 3996 1207 4088">
    <p class='ocr_par' dir='ltr' id='par_1_6' title="bbox 330 3996 1207 4088">
     <span class='ocr_line' id='line_1_31' title="bbox 330 3996 1207 4088; baseline -0.009 -23"><span class='ocrx_word' id='word_1_191' title='bbox 330 4004 451 4088; x_wconf 10' lang='lat' dir='ltr'>uolgus*</span> <span class='ocrx_word' id='word_1_192' title='bbox 464 4003 618 4065; x_wconf 87' lang='lat' dir='ltr'>abhorret</span> <span class='ocrx_word' id='word_1_193' title='bbox 634 4002 674 4064; x_wconf 90' lang='lat' dir='ltr'>ab</span> <span class='ocrx_word' id='word_1_194' title='bbox 689 4001 760 4076; x_wconf 90' lang='lat' dir='ltr'>hac,</span> <span class='ocrx_word' id='word_1_195' title='bbox 776 3998 869 4061; x_wconf 91' lang='lat' dir='ltr'>uolui</span> <span class='ocrx_word' id='word_1_196' title='bbox 884 3997 947 4060; x_wconf 90' lang='lat' dir='ltr'>tibi</span> <span class='ocrx_word' id='word_1_197' title='bbox 962 3996 1207 4075; x_wconf 91' lang='lat' dir='ltr'>suauiloquenti</span> 
     </span>
    </p>
   </div>
   <div class='ocr_carea' id='block_1_5' title="bbox 341 4108 921 4240">
    <p class='ocr_par' dir='ltr' id='par_1_7' title="bbox 341 4108 921 4240">
     <span class='ocr_line' id='line_1_32' title="bbox 341 4108 921 4170; baseline -0.007 -11"><span class='ocrx_word' id='word_1_198' title='bbox 341 4109 475 4170; x_wconf 72' lang='grc'><strong>90601119,</strong></span> <span class='ocrx_word' id='word_1_199' title='bbox 493 4108 663 4158; x_wconf 88' lang='lat' dir='ltr'>conficerent</span> <span class='ocrx_word' id='word_1_200' title='bbox 683 4145 690 4158; x_wconf 85' lang='lat'><strong>.</strong></span> <span class='ocrx_word' id='word_1_201' title='bbox 710 4145 716 4158; x_wconf 91' lang='lat'><em>.</em></span> <span class='ocrx_word' id='word_1_202' title='bbox 736 4145 742 4156; x_wconf 92' lang='lat'>.</span> <span class='ocrx_word' id='word_1_203' title='bbox 762 4108 921 4156; x_wconf 87' lang='lat' dir='ltr'>cremarent</span> 
     </span>
     <span class='ocr_line' id='line_1_33' title="bbox 834 4190 891 4240; baseline 0 0"><span class='ocrx_word' id='word_1_204' title='bbox 834 4190 891 4240; x_wconf 82' lang='lat'>[32]</span> 
     </span>
    </p>
   </div>
   <div class='ocr_carea' id='block_1_6' title="bbox 0 0 1626 4684">
    <p class='ocr_par' dir='ltr' id='par_1_8' title="bbox 0 0 1626 4684">
     <span class='ocr_line' id='line_1_34' title="bbox 0 0 1626 4684; baseline 0 0"><span class='ocrx_word' id='word_1_205' title='bbox 0 0 1626 4684; x_wconf 95' lang='lat' dir='ltr'> </span> 
     </span>
    </p>
   </div>
  </div>
 </body>
</html>
