3234 4686
601 453 652 501 DE
670 452 802 502 RERVM
820 453 974 502 NATVRA
998 454 1037 502 1⁷1

308 673 458 744 naturae,
476 667 562 746 lapis
579 667 632 729 hic
651 675 689 730 ut
707 668 836 731 ferrum
854 670 973 732 ducere
991 669 1104 747 possit,

292 778 408 854 (quam
426 778 583 855 Magneta
599 786 720 841 uocant
739 778 851 857 patrio
868 780 907 842 de
926 779 1056 841 nomine
1076 778 1167 855 Grai,

308 887 501 965 Magnetum
517 887 595 965 quia
611 887 649 949 fit
665 888 785 967 patriis
800 888 835 949 in
851 888 973 951 finibus
989 889 1113 965 ortus).

308 998 395 1060 hunc
412 997 560 1060 homines
576 998 721 1075 lapidem
739 997 923 1074 mirantur;
942 998 1065 1076 quippe
1084 1005 1232 1061 catenam

307 1127 404 1185 saepe
422 1128 461 1170 ex
478 1107 593 1171 anellis
611 1108 722 1170 reddit
740 1108 961 1185 pendentibus
978 1127 1018 1169 ex
1035 1128 1078 1171 se.

265 1217 453 1295 -quinque
472 1216 592 1280 etenim
610 1217 687 1280 licet
704 1217 873 1280 interdum
892 1218 1068 1295 pluresque
1085 1217 1198 1280 uidere

307 1328 423 1390 ordine
441 1327 580 1391 demisso
596 1327 726 1390 leuibus
743 1327 898 1390 iactarier
916 1327 1016 1404 auris,

307 1457 394 1500 unus
408 1437 465 1500 ubi
481 1457 520 1498 ex
534 1458 601 1500 uno
617 1439 780 1514 dependet
795 1446 910 1514 supter
925 1438 1107 1500 adhaerens

308 1569 347 1611 ex
364 1548 492 1624 alioque
509 1547 594 1610 alius
610 1547 732 1624 lapidis
748 1547 817 1609 uim
834 1547 1009 1624 uinctaque
1026 1547 1147 1609 noscit:

307 1677 410 1735 usque
429 1658 510 1720 adeo
527 1665 762 1735 permananter
779 1656 831 1719 uis
850 1657 1000 1734 perualet
1018 1656 1097 1719 eius.

355 1853 443 1928 (Hoc
458 1872 561 1929 genus
575 1851 610 1913 in
625 1854 723 1915 rebus
736 1851 968 1914 firmandumst
982 1852 1089 1914 multa
1102 1851 1197 1930 prius
1211 1872 1310 1929 quam

307 1962 412 2040 ipsius
428 1962 476 2024 rei
492 1962 654 2025 rationem
669 1963 806 2024 reddere
823 1961 936 2040 possis,

307 2080 339 2135 et
356 2072 495 2134 nimium
512 2072 618 2149 longis
635 2071 827 2148 ambagibus
844 2078 892 2133 est
910 2072 1116 2148 adeundum;

308 2203 372 2260 quo
389 2182 493 2259 magis
511 2189 655 2245 attentas
673 2181 763 2244 auris
781 2181 991 2259 animumque
1009 2181 1169 2258 reposco.)

558 2289 706 2337 FLVERE
729 2288 778 2337 AB
799 2287 972 2338 OMNIBVS
992 2287 1114 2338 REBVS

370 2377 540 2455 Principio
559 2376 709 2439 omnibus
728 2378 768 2439 ab
786 2378 893 2452 rebus,
913 2397 1133 2454 quascumque
1151 2375 1313 2454 uidemus

306 2495 469 2566 perpetuo
485 2487 587 2550 fluere
605 2508 642 2549 ac
659 2487 748 2549 mitti
765 2486 943 2564 spargique
960 2493 1120 2549 necessest

307 2617 446 2674 corpora
462 2617 545 2675 quae
562 2596 687 2658 feriant
705 2597 813 2659 oculos
830 2596 1002 2674 uisumque
1019 2596 1190 2658 lacessant.

307 2715 532 2785 perpetuoque
548 2707 658 2768 fluunt
674 2706 772 2769 certis
789 2708 829 2769 ab
846 2707 943 2768 rebus
960 2706 1074 2769 odores
1085 2732 1106 2783 3⁴

307 2817 417 2894 frigus
432 2825 470 2879 ut
491 2826 585 2888 <a>
607 2816 726 2893 fluviis,
744 2817 832 2879 calor
849 2837 868 2878 a
885 2816 959 2892 sole,
978 2823 1087 2878 aestus
1103 2817 1143 2878 ab
1160 2815 1261 2878 undis

307 2927 458 3004 aequoris
476 2947 588 2990 exesor
606 2946 791 2989 moerorum
810 2926 908 2988 litora
928 2932 1081 3007 propter„

306 3057 365 3099 nec
381 3037 468 3099 uarii
484 3044 611 3099 cessant
627 3036 754 3098 sonitus
769 3056 903 3098 manare
920 3055 979 3113 per
995 3056 1103 3098 auras

307 3147 448 3225 denique
466 3147 501 3207 in
518 3167 553 3209 os
568 3146 645 3209 salsi
661 3146 755 3208 uenit
771 3166 865 3208 umor
882 3166 978 3222 saepe
996 3145 1132 3222 saporis,

307 3278 381 3319 cum
400 3276 489 3320 mare
507 3277 679 3319 uersamur
699 3265 845 3333 propter,
863 3256 1036 3333 dilutaque
1055 3262 1171 3317 contra

307 3388 381 3430 cum
397 3366 524 3430 tuimur
541 3366 670 3428 misceri
688 3366 862 3442 absinthia,
880 3366 989 3442 tangit
1007 3385 1146 3428 amaror.

264 3498 409 3554 —usque
428 3478 509 3539 adeo
526 3476 676 3539 omnibus
694 3478 734 3539 ab
752 3477 849 3538 rebus
867 3495 918 3537 res
935 3495 1081 3552 quaeque
1100 3475 1241 3536 fluenter

307 3587 418 3650 fertur
434 3595 465 3650 et
481 3587 515 3647 in
532 3593 668 3648 cunctas
683 3586 865 3647 dimittitur
881 3585 1028 3662 undique
1045 3584 1152 3662 partis

306 3717 365 3760 nec
384 3717 475 3760 mora
494 3716 553 3758 nec
572 3695 701 3773 requies
721 3695 910 3757 interdatur
929 3695 998 3757 ulla
1018 3693 1151 3770 fluendi,

307 3816 469 3885 perpetuo
484 3806 639 3884 quoniam
656 3804 824 3881 sentimus,
842 3812 872 3867 et
890 3805 999 3867 omnia
1016 3825 1143 3881 semper

317 3940 367 3988 908
377 3940 450 4000 culp.
466 3953 544 4002 quem

317 4008 368 4055 909
378 4008 427 4055 alii
442 4005 478 4056 sit

318 4074 368 4122 913
379 4075 451 4134 vulp.
468 4073 603 4122 demissos

318 4141 369 4191 925
379 4142 451 4201 culp.
466 4141 502 4189 ab
