3234 4686
545 461 575 509 Τ.
596 461 759 512 LVGBETI
779 460 868 511 CARI

171 674 341 737 dissimilis
357 675 445 738 inter
461 686 608 747 se<se>
629 677 830 754 turbareque
846 676 975 739 mixtas.

172 791 204 847 et
221 785 310 846 calor
325 792 491 847 extremus
506 785 613 863 primo
629 807 703 848 cum
720 786 845 864 frigore
860 786 983 849 mixtus

171 894 332 971 uoluitur,
349 895 502 957 autumni
519 896 607 973 quod
623 895 734 958 fertur
749 896 880 958 nomine
896 902 1035 973 tempua

171 1003 225 1065 hic
243 1024 371 1081 quoque
388 1004 571 1082 confligunt
587 1004 709 1067 hiemes
726 1005 906 1068 aestatibus
923 1026 1023 1068 acres,

128 1119 350 1191 —propterea
366 1121 445 1176 sunt
461 1115 541 1177 haec
559 1114 639 1176 anni
660 1123 843 1186 <aestus>
866 1115 1105 1191 nominitanda,

172 1242 231 1285 nec
247 1223 409 1299 mirumst,
426 1223 462 1284 iu
477 1244 515 1286 eo
528 1223 556 1286 si
572 1232 718 1302 tempore
735 1225 880 1302 plurima
894 1224 980 1287 fiunt

173 1331 316 1395 fulmina
334 1338 574 1410 tempestasque
592 1335 697 1396 cietur
713 1334 850 1397 turbida
867 1335 964 1412 caelo,

172 1442 313 1520 ancipiti
328 1443 483 1519 quoniam
497 1444 581 1506 bello
597 1445 754 1506 turbatur
770 1444 947 1521 utrimque,

172 1551 250 1614 hinc
267 1551 406 1614 flammis
423 1552 515 1614 illinc
532 1553 642 1615 uentis
658 1573 835 1630 umoreque
852 1553 965 1616 mixto.

237 1748 308 1808 Hoc
325 1752 373 1811 est
389 1747 527 1825 igniferi
543 1755 698 1811 naturam
715 1748 867 1811 fulminis
883 1749 989 1826 ipsam

174 1856 359 1934 perspicere
375 1864 407 1919 et
422 1877 487 1933 qua
502 1858 538 1918 ui
554 1857 657 1920 faciat
671 1879 740 1920 rem
756 1878 918 1935 quamque
932 1858 1055 1935 uidere,

173 1985 238 2027 non
257 1967 429 2042 Tyrrhena
447 1974 536 2029 retro
552 1968 741 2030 uoluentem
758 1968 906 2031 carmina
921 1968 1050 2032 frustra
1140 2041 1144 2048 ¹

174 2075 296 2137 indicia
313 2077 458 2138 occultae
475 2076 591 2139 diuum
608 2077 799 2155 perquirere
816 2078 944 2155 mentia,

173 2186 261 2248 unde
278 2186 396 2247 uolans
412 2185 498 2263 ignis
515 2187 705 2264 peruenerit
723 2195 781 2249 aut
800 2188 834 2247 in
851 2194 962 2250 utram
979 2208 1012 2251 se

173 2294 313 2357 uerterit
326 2295 404 2357 hinc
417 2296 549 2373 partim,
566 2317 632 2373 quo
643 2304 742 2374 pacto
755 2316 815 2375 per
830 2298 900 2359 loca
914 2304 1028 2375 saepta

173 2403 362 2480 insinuarit,
378 2412 410 2468 et
425 2405 502 2467 hinc
516 2406 704 2468 dominatus
719 2413 757 2469 ut
773 2406 929 2469 extulerit
944 2427 987 2483 se,

174 2514 297 2590 quidue
313 2534 428 2576 nocere
445 2521 544 2591 queat
560 2515 600 2576 de
616 2515 706 2577 caelo
721 2515 872 2578 fulminis
888 2516 983 2579 ictus.

132 2624 261 2700 -quod
278 2624 305 2684 si
322 2624 476 2701 Iuppiter
493 2632 591 2701 atque
609 2625 666 2687 alii
682 2624 848 2703 fulgentia
865 2625 937 2687 diui

173 2733 319 2794 terrifico
334 2734 491 2809 quatiunt
506 2734 617 2797 sonitu
634 2735 786 2798 caelestia
801 2737 925 2813 templa

174 2848 204 2903 et
223 2842 349 2904 iaciunt
367 2843 476 2920 ignem
493 2864 558 2920 quo
576 2845 748 2921 quoiquest
766 2865 904 2922 cumque
923 2845 1087 2922 uoluntaS,

174 2972 233 3013 cur
248 2951 367 3027 quibus
382 2952 552 3014 incautum
568 2954 673 3016 scelus
688 2954 869 3017 auersabile
886 2961 1056 3032 cumquest

172 3080 239 3122 non
255 3059 386 3124 faciunt
401 3061 460 3124 icti
475 3062 622 3125 flammas
636 3070 675 3125 ut
691 3063 837 3141 fulguris
852 3065 965 3127 halent

174 3178 305 3247 pectore
322 3171 456 3248 perfluo,
474 3173 634 3235 documen
651 3174 845 3236 mortalibus
862 3195 945 3250 acre,

174 3286 206 3341 et
222 3281 333 3357 potius
349 3282 442 3343 nulla
459 3282 520 3344 sibi
536 3282 630 3360 turpi
647 3283 795 3345 conscius
812 3283 846 3343 in
864 3304 899 3344 re

174 3389 323 3451 uoluitur
339 3390 373 3451 in
389 3390 528 3453 flammis
544 3392 697 3454 innoxius
713 3393 812 3470 inque
827 3393 962 3470 peditur

173 3499 306 3561 turbiue
322 3501 454 3562 caelesti
468 3502 576 3564 subito
592 3510 763 3580 correptus
779 3510 811 3564 et
826 3502 917 3580 ignit

175 3629 233 3670 cur
250 3608 348 3672 etiam
364 3610 435 3672 loca
451 3612 519 3673 sola
535 3618 654 3689 petunt
671 3612 864 3689 frustraque
882 3614 1055 3675 laboranti

174 3738 217 3779 an
231 3725 303 3780 tum
317 3720 453 3782 brachia
468 3729 683 3783 consuescunt
698 3722 896 3799 firmantque
911 3724 1069 3784 lacertos?

174 3827 209 3887 in
225 3825 379 3906 ter'raque
395 3829 502 3906 patris
518 3851 577 3892 cur
594 3830 695 3891 telum
712 3831 948 3908 perpetiuntur

185 3960 217 4008 37
220 3961 235 4008 0
245 3960 317 4021 cala.
335 3963 442 4018 <res>
460 3960 532 4010 inter
546 3976 574 4010 se

185 4028 317 4088 374valp.
337 4027 480 4086 <freta>
499 4033 565 4079 sunt
