3234 4684
577 416 607 465 T.
626 415 789 466 LVGRETI
806 414 895 466 CARI

203 632 295 709 quod
310 633 391 695 satis
407 638 456 695 est
470 651 575 708 neque
592 636 754 708 quantum
769 650 852 708 opus
867 636 915 692 est
931 634 1054 691 natura
1068 627 1247 690 ministrat.

152 741 337 818 —a'amque
352 741 433 804 adeo
448 741 558 804 fracta
573 747 622 804 est
636 748 728 804 aetas
741 740 903 816 effetaque
917 739 1017 802 tellus

203 850 265 913 uix
280 850 436 914 animalia
451 871 558 929 parua
573 856 662 913 creat
677 870 761 926 quae
776 856 896 911 cuncta
911 847 1037 910 creauit

204 961 314 1023 saecla
329 959 485 1037 deditque
502 959 652 1023 ferarum
667 958 816 1036 ingentia
833 977 972 1035 corpora
989 963 1099 1035 partu.

205 1069 307 1146 baud,
322 1076 361 1131 ut
376 1068 503 1147 opinor,
520 1069 607 1130 enim
623 1068 777 1131 mortalia
792 1067 898 1131 saecla
913 1086 1055 1144 superne

205 1199 308 1241 aurea
323 1180 363 1242 de
378 1180 468 1242 caelo
482 1178 613 1242 demisit
628 1177 721 1240 funis
736 1177 771 1238 in
787 1198 870 1240 arua

204 1308 266 1350 nec
282 1308 373 1351 mare
390 1309 450 1351 nec
468 1288 590 1350 fluctus
606 1286 796 1365 plangentis
812 1306 892 1349 saxa
910 1293 1075 1362 crearunt,

205 1398 264 1460 sed
279 1397 394 1475 genuit
408 1398 506 1460 tellus
522 1397 635 1470 eadem
651 1417 734 1474 quae
749 1417 839 1458 nunc
855 1395 915 1459 alit
931 1417 971 1459 ex
985 1415 1028 1458 se.

153 1514 379 1584 —praeterea
394 1506 519 1569 nitidas
535 1505 652 1583 fruges
667 1505 845 1582 uinctaque
861 1506 950 1569 laeta

204 1622 323 1694 sponte
339 1636 399 1679 sua
415 1615 561 1693 primum
577 1615 771 1678 mortalibus
788 1614 861 1693 ipsa
878 1614 1021 1691 creauit3

204 1724 280 1803 ipsa
295 1724 386 1787 dedit
402 1725 509 1787 dulcis
523 1724 613 1787 fetus
628 1730 660 1788 et
676 1725 799 1802 pabula
812 1725 901 1787 laeta

204 1853 290 1911 quae
307 1855 396 1896 nunc
413 1834 472 1896 uix
488 1842 600 1897 nostro
619 1834 842 1911 grandescunt
861 1840 959 1897 aucta
975 1834 1096 1896 labore.

204 1943 470 2020 conterimusque
483 1945 584 2006 boues
598 1949 630 2006 et
645 1943 730 2006 uiris
744 1942 974 2020 agricolarum,

204 2052 395 2115 conficimus
412 2052 558 2130 ferrum;
574 2052 633 2115 uix
650 2052 740 2116 aruis
756 2051 980 2130 suppeditati;

203 2182 310 2238 usque
325 2162 408 2225 adeo
422 2168 567 2240 parcunt
579 2161 670 2224 fetus
684 2169 872 2239 augentque
886 2162 1007 2224 labore.

203 2271 337 2347 iamque
352 2279 454 2348 caput
470 2291 631 2348 quassans
645 2270 783 2349 grandis
797 2254 944 2349 suspirat
960 2276 1072 2334 arator

205 2379 363 2457 crebrius,
380 2379 545 2442 incassum
561 2400 696 2458 magnos
713 2380 866 2443 cecidisse
882 2381 1020 2457 labores,

205 2496 239 2551 et
255 2509 329 2550 cum
343 2496 494 2567 tempora
507 2489 711 2567 temporibus
726 2489 915 2567 praesentia
929 2489 1059 2553 confert

205 2598 406 2675 praeteritis,
421 2598 539 2661 laudat
554 2598 708 2661 fortunas
724 2618 820 2676 saepe
836 2598 994 2676 parentis.

206 2707 313 2768 tristis
329 2706 407 2770 item
422 2708 555 2771 uetulae
572 2707 652 2769 uitis
668 2714 758 2770 sator
776 2714 874 2784 atque
896 2709 1113 2781 <caducae>

204 2815 365 2893 temporis
382 2816 513 2879 incusat
529 2836 658 2878 momen
676 2818 882 2894 saeclumque
900 2817 1033 2895 fatigat,

205 2931 239 2986 et
254 2932 377 3003 crepat,
392 2925 539 2989 anticum
554 2946 658 3003 genus
672 2934 710 2989 ut
725 2926 849 3004 pietate
864 2927 1028 3004 repletum

204 3033 366 3112 perfacile
382 3028 535 3112 angustis
546 3035 699 3098 tolerarit
713 3035 835 3098 finibus
850 3055 973 3112 aeuom,

205 3163 281 3205 cum
296 3143 403 3205 minor
417 3149 499 3207 esset
515 3143 588 3222 agri
601 3145 707 3206 multo
721 3145 838 3206 modus
853 3151 930 3208 ante
944 3144 1090 3221 uiritim3

205 3271 266 3314 nec
282 3258 373 3315 tenet
389 3253 499 3315 omnia
514 3252 676 3331 paulatim
693 3255 857 3316 tabescere
874 3259 906 3316 et
922 3253 970 3315 ire

206 3361 249 3423 ad
265 3361 436 3438 scopulum
451 3362 559 3440 spatio
575 3362 693 3425 aetatis
708 3361 838 3426 defessa
853 3369 994 3425 uetusto.

198 3493 267 3541 1163
278 3492 328 3541 alit
343 3492 468 3543 laborem

199 3561 268 3609 1165
279 3575 411 3625 magnum

202 3629 271 3677 1168
282 3628 354 3688 vulp.
376 3627 530 3686 <vietae>

199 3695 268 3744 1169
279 3695 351 3755 vulp.
368 3694 524 3759 caelumque

199 3763 269 3812 1174
278 3763 351 3823 vulp.
367 3762 493 3827 capulum
