3190 4682
512 455 542 504 Τ.
563 452 726 505 Lucrum
745 452 834 505 canl

137 688 197 746 per
213 670 318 731 malos
332 670 468 747 uolgata
482 671 656 747 trabesque
672 668 848 732 trementia
864 668 1021 744 fluctant3

122 780 282 856 (namque
298 779 345 841 ibi
361 799 545 842 consessum
563 778 675 842 caueai
693 786 808 856 supter
824 785 856 841 et
874 798 1000 840 omnem
1074 790 1075 795 ’

136 888 269 951 scaenai
283 888 433 966 speciem,
449 895 584 966 patrum
600 895 790 965 coetumque
805 888 959 949 decorum
1017 910 1018 913 ¹

137 997 294 1061 inficiunt
310 1004 496 1075 coguntque
514 1018 573 1060 suo
590 997 721 1060 fluitare
739 998 854 1060 colore.
888 1009 892 1019 ·

138 1114 169 1169 et
186 1114 314 1184 quanto
330 1107 454 1171 circum
468 1128 562 1185 mage
578 1114 656 1170 sunt
673 1107 821 1169 inclausa
838 1106 961 1169 theatri

137 1217 278 1293 moenia,
295 1224 364 1280 tam
379 1217 484 1295 magis
499 1218 578 1280 haec
595 1217 686 1279 intus
702 1216 840 1294 perfusa
857 1216 967 1293 lepore

138 1326 250 1390 omnia
268 1326 441 1389 conrident
458 1333 610 1404 correpta
627 1327 699 1389 luce
718 1325 814 1401 diei).

138 1456 216 1512 ergo
231 1435 335 1499 lintea
350 1437 390 1499 de
405 1456 531 1498 summo
546 1457 620 1498 cum
635 1455 770 1513 corpore
786 1434 901 1497 fucum

137 1544 289 1622 mittunt,
307 1545 428 1623 effigias
445 1565 573 1622 quoque
588 1545 708 1607 debent
724 1544 855 1624 mittere
871 1543 982 1606 tenuis

139 1675 190 1716 res
208 1675 367 1732 quaeque,
384 1676 423 1717 ex
439 1674 565 1717 summo
582 1653 736 1732 quoniam
754 1653 943 1716 iaculantur
959 1659 1111 1729 utraque.

98 1770 216 1825 —sunt
234 1763 340 1842 igitur
357 1763 423 1826 iam
441 1765 624 1826 formarum
642 1763 784 1853 uestigia
800 1770 889 1825 certa

139 1892 222 1949 quae
238 1874 338 1951 uolgo
353 1873 498 1936 uolitant
514 1873 631 1951 suptili
648 1872 801 1950 praedita
816 1871 872 1934 filo

139 2002 198 2044 nec
216 1982 412 2060 singillatim
430 1990 568 2060 possunt
584 1989 710 2063 secreta
727 1981 845 2044 uideri.

100 2098 313 2168 —praeterea
330 2092 435 2154 omnis
450 2093 530 2154 odor
547 2091 660 2183 fumus
677 2111 783 2168 uapor
800 2097 898 2167 atque
915 2090 999 2169 aliae
1015 2111 1067 2159 res

140 2201 324 2264 consimiles
338 2201 412 2263 ideo
426 2201 544 2263 diffuse
558 2202 656 2263 rebus
671 2198 852 2275 abundant,

140 2329 179 2371 ex
196 2312 265 2374 alto
282 2310 362 2387 quia
378 2312 457 2373 dum
473 2311 623 2386 ueniunt,
641 2310 843 2372 extrinsecus
862 2316 952 2372 ortae

140 2419 341 2483 scinduntur
356 2440 416 2497 per
433 2420 496 2482 iter
513 2420 642 2497 flexum,
659 2440 718 2481 nec
735 2426 825 2490 recta
841 2419 973 2481 uiarum

142 2529 224 2593 ostia
241 2537 320 2592 sunt
338 2549 403 2606 qua
420 2531 621 2592 contendant
638 2529 726 2592 exire
744 2535 882 2591 coortae.

102 2644 175 2699 —at
192 2646 310 2702 contra
326 2639 435 2701 tenuis
452 2639 570 2701 summi
586 2641 776 2701 membrana
793 2638 909 2700 coloris

142 2766 215 2809 cum
232 2748 364 2825 iacitur,
382 2748 467 2809 nihil
484 2755 532 2811 est
550 2749 637 2825 quod
655 2769 725 2811 eam
743 2747 928 2824 discerpere
945 2746 1057 2825 possit,

143 2855 350 2934 inpromptu
365 2857 520 2934 quoniam
535 2865 583 2919 est
598 2857 633 2918 in
649 2857 757 2935 prima
772 2856 883 2919 fronte
899 2857 1015 2918 locata.

518 2963 567 3012 DE
591 2962 826 3013 IMAGINIBVS

104 3058 308 3126 —postremo
324 3051 464 3129 speculis
479 3052 515 3113 in
531 3072 616 3128 aqua
633 3052 870 3129 splendoreque
887 3051 923 3112 in
939 3049 1027 3113 omni

144 3179 366 3237 quaecumque
381 3168 545 3238 apparent
561 3160 654 3223 nobis
669 3161 854 3236 simulacra,
871 3166 1039 3236 necessest,

145 3269 409 3347 quandoquidem
426 3270 525 3332 simili
541 3269 646 3348 specie
664 3276 741 3332 sunt
758 3269 911 3347 praedita
927 3289 1038 3331 rerum

144 3398 182 3440 ex
204 3389 317 3450 <ea>
340 3379 538 3457 imaginibus
556 3379 662 3441 missis
681 3378 856 3441 consistere
876 3398 997 3442 eorum.

132 3485 219 3562 [nam
237 3509 296 3551 cur
313 3488 371 3552 illa
386 3466 507 3552 cadant
523 3488 627 3566 magis
644 3489 684 3551 ab
701 3489 863 3564 rebusque
880 3488 1036 3550 recedant

146 3616 242 3673 quam
262 3619 345 3676 quae
363 3598 477 3661 tenuia
495 3605 573 3661 sunt
591 3597 770 3660 hiscendist
789 3597 883 3659 nulla
901 3597 1069 3674 potestas]

107 3714 221 3770 —sunt
238 3707 342 3785 igitur
358 3714 473 3775 tenues
489 3705 672 3768 formarum
689 3704 926 3782 dissimilesque

172 3836 203 3886 77
213 3838 280 3899 sort.
299 3837 417 3887 uolitata
488 3837 560 3898 vulp.
584 3836 685 3886 flutant

174 3903 205 3953 79
215 3905 283 3967 fort.
298 3908 476 3970 matrumque
491 3904 619 3953 decorem

173 3971 205 4020 91
215 3973 287 4034 culp.
304 3972 425 4023 diffusae
443 3973 523 4029 <e>

159 4038 205 4088 101
215 4040 265 4089 clii
277 4040 333 4090 alia

158 4106 206 4155 104
215 4107 264 4157 alii
278 4107 335 4158 alio
