3234 4684
536 928 787 991 Τ.Ιι11011ΕΤΙ
807 927 914 990 CARI

390 1114 399 1132 ·
447 1106 523 1182 nu
544 1106 748 1237 aunum
767 1056 1004 1180 11111111

580 1282 683 1343 1111111
699 1281 871 1344 SECVNDVS

285 1550 404 1627 Suaue,
421 1551 506 1613 mari
522 1571 642 1628 magno
658 1551 872 1613 turbantibus
889 1570 1032 1628 aequora
1048 1550 1167 1628 uentis,

218 1668 343 1723 eterra
358 1680 514 1737 magnum
530 1661 667 1723 alterius
683 1668 831 1739 spectare
847 1661 992 1722 laborem
1001 1687 1008 1737 3

217 1790 289 1831 non
304 1771 382 1847 quia
398 1770 514 1833 uexari
532 1777 759 1847 quemquamst
777 1770 922 1832 iucunda
938 1771 1104 1847 uoluptas,

219 1881 279 1941 sed
293 1880 412 1956 quibus
428 1879 498 1957 ipse
513 1880 608 1942 malis
625 1900 736 1942 careas
751 1880 829 1957 quia
845 1899 977 1941 cernere
994 1900 1095 1942 suaue
1112 1886 1169 1949 est,
1198 1936 1200 1943 s

219 2009 323 2052 suaue
338 1990 437 2053 ctiam
452 1990 530 2052 belli
545 1990 726 2052 certamina
740 2010 861 2067 magna
875 1989 963 2052 tueri

219 2119 282 2177 per
297 2120 427 2177 campos
443 2099 606 2162 instructa
621 2106 681 2161 tua
695 2100 765 2161 sine
780 2107 875 2177 parte
891 2099 1023 2177 pericli3

218 2210 278 2271 sed
293 2209 341 2269 nil
357 2209 559 2285 dulciusest‚
575 2211 656 2272 bene
671 2230 770 2286 quam
785 2209 915 2271 munita
930 2216 1051 2286 tenere,

219 2318 311 2381 edita
326 2319 479 2381 doctrina
492 2319 689 2396 sapientum,
704 2320 829 2397 templa
843 2339 967 2395 serena,

218 2429 388 2505 despicere
404 2429 493 2492 unde
509 2449 610 2505 queas
625 2428 706 2491 alios
722 2428 908 2506 passimque
924 2428 1038 2515 uidere

219 2558 332 2600 errare
349 2546 447 2614 atquc
462 2538 552 2601 uiam
568 2538 713 2615 palantis
730 2558 886 2615 quaerere
902 2538 1002 2614 uitae,

219 2655 347 2710 certare
364 2648 506 2726 ingenio,
524 2649 721 2711 contendere
737 2648 919 2723 nobilitate,

219 2764 332 2819 noctes
348 2765 445 2835 atque
462 2758 532 2819 dies
548 2757 612 2819 niti
628 2764 818 2835 praestante
834 2758 945 2819 labore

220 2868 264 2930 ad
279 2887 421 2929 summas
437 2888 601 2945 emergere
616 2888 693 2944 opes
708 2888 883 2943 rerumque
899 2866 1010 2943 potiri.

435 2972 583 3023 ZAPKOS
608 2973 802 3023 Errrnons
826 2972 1069 3022 ΚΑΤΑΣΤΗΜΑ

170 3083 239 3124 -0
255 3061 390 3125 miseras
404 3063 574 3124 hominum
588 3068 722 3143 mentes,
739 3082 758 3124 o
773 3070 908 3139 pectora
923 3064 1034 3124 caeca!

220 3171 374 3249 qualibus
388 3172 423 3232 in
438 3172 582 3235 tenebris
597 3172 687 3235 uitae
702 3172 900 3249 quantisque
916 3171 1049 3249 periclis

220 3281 355 3358 degitur
370 3283 430 3344 hoc
447 3281 521 3344 acui
537 3282 813 3359 quodcumqucstl
831 3301 939 3343 nonne
955 3281 1069 3343 uidere

220 3391 269 3452 nil
284 3391 376 3454 aliud
390 3391 452 3453 sibi
466 3398 622 3454 naturam
637 3393 769 3467 latrare,
784 3391 849 3452 nisi
862 3390 959 3468 utqui
1056 3448 1059 3456 ,

221 3521 356 3578 corpore
375 3501 543 3563 seiunctus
560 3501 654 3583 dolor
673 3501 767 3577 absit,
787 3508 894 3563 mente
914 3500 1051 3562 fruatur

222 3610 367 3672 iucundo
382 3631 480 3673 sensu
497 3631 577 3673 cura
594 3618 716 3673 semota
733 3613 909 3691 metuquet

173 3739 299 3797 -ergo
313 3740 502 3798 corpoream
518 3721 561 3782 ad
576 3726 731 3798 naturam
747 3740 853 3798 pauca
869 3719 1019 3780 uidemus

223 3849 288 3890 esse
304 3850 386 3907 opus
402 3829 543 3906 omnino,
561 3851 644 3906 quae
661 3830 794 3892 demant
811 3849 949 3905 cumque
966 3828 1123 3909 dolorem„

175 3939 356 4002 —delieias
370 3959 498 4017 quoque
513 3930 565 4001 uti
577 3939 703 4016 'multas
718 3940 925 4001 substernere
942 3936 1068 4014 possint

251 4070 282 4118 18
292 4070 364 4132 vulp.
381 4084 514 4134 mensque

744 4221 802 4272 [39]
861 4258 865 4266 .,
