3234 4684
634 497 686 547 DE
704 496 836 547 RERVM
853 496 1008 547 NATVBA
1028 496 1062 545 11

333 710 420 786 quod
436 717 555 787 mouet,
572 718 605 773 et
620 711 732 774 uarios
748 731 861 774 sensus
877 731 1067 789 expromere
1082 711 1180 789 cogit,

333 840 373 882 ex
389 818 600 883 insensilibus
615 841 656 884 ne
674 821 788 884 credas
805 821 922 885 sensile
939 820 1052 899 gignit

290 928 491 992 —nimirum
505 929 634 1008 lapides
648 937 680 993 et
695 908 786 1007 ligna
801 937 833 993 et
847 938 939 994 terra
954 931 1042 1008 quod
1056 951 1125 993 una

289 1036 291 1041 ’
332 1039 437 1102 mixta
451 1047 562 1103 tamen
576 1047 745 1117 nequeunt
759 1040 896 1104 uitalem
911 1041 1049 1103 reddere
1065 1059 1205 1103 sensum.

290 1149 418 1211 -ulud
434 1149 469 1210 in
483 1148 536 1212 his
551 1149 654 1227 igitur
670 1150 769 1212 rebus
783 1149 966 1212 meminisse
983 1148 1118 1226 decebit,

332 1278 399 1321 non
414 1280 453 1322 ex
468 1258 619 1321 omnibus
633 1259 774 1335 omnino,
790 1280 1013 1337 quaecumque
1028 1265 1142 1322 creant
1156 1279 1209 1322 res

333 1368 475 1445 sensilia,
491 1369 654 1446 extemplo
669 1390 719 1432 me
735 1368 828 1447 gigni
843 1368 951 1432 dicere
966 1389 1089 1446 sensus,

333 1479 390 1541 sed
405 1478 518 1556 megni
533 1478 661 1542 referre
675 1499 713 1542 es
729 1478 873 1556 primum
890 1479 1054 1555 quantula
1069 1483 1228 1554 constent,

334 1588 450 1651 sensile
467 1607 550 1666 quae
566 1587 707 1664 faciunt,
724 1594 756 1651 et
773 1609 839 1666 qua
854 1587 921 1650 sint
938 1588 1090 1666 praedita
1106 1587 1224 1664 forma,

333 1697 477 1760 motibus
494 1697 667 1760 ordinibus
683 1697 842 1776 posituris
859 1697 1000 1774 denique
1017 1717 1101 1788 quse
1118 1697 1195 1759 sint.

334 1827 475 1885 quarum
491 1807 539 1869 nil
555 1828 667 1873 rerum
682 1807 717 1869 in
732 1807 831 1885 lignis
847 1806 1033 1885 glaebisque
1048 1807 1209 1870 uidemus.

291 1924 491 1980 —ettamen
506 1918 595 1993 haec,
611 1937 685 1980 cum
700 1923 778 1979 sunt
794 1917 887 1994 quasi
904 1916 1095 1994 putrefacta
1111 1936 1170 1994 per
1185 1915 1315 1993 imbres,

333 2026 532 2090 ucrmiculos
554 2026 700 2104 pariunt,
724 2026 803 2104 quia
824 2046 964 2104 corpora
983 2025 1135 2088 materiai

335 2135 482 2212 antiquis
497 2156 536 2198 ex
551 2134 722 2204 ordinibus
735 2142 886 2212 permota
899 2155 986 2197 noua
1001 2155 1036 2198 re
1087 2186 1090 2192 .

335 2243 554 2307 conciliantur
570 2243 617 2306 ita
633 2249 671 2305 ut
687 2244 807 2306 debent
824 2243 980 2306 animalia
997 2242 1098 2320 gigni.
1123 2318 1126 2323 Ι

397 2438 525 2501 Deinde
545 2459 584 2500 ex
603 2438 778 2501 sensilibus
797 2438 854 2516 qui
873 2438 989 2501 sensile
1010 2458 1103 2517 posse
1123 2437 1228 2527 creari

335 2546 551 2624 constituunt,
570 2567 669 2625 porro
686 2569 726 2611 ex
742 2547 816 2610 aliis
833 2547 955 2610 sentire
972 2547 1057 2609 sueti

334 2656 446 2719 mollia
462 2678 536 2719 cum
551 2657 691 2720 faciunt.
729 2678 805 2720 uam
822 2677 935 2720 sensus
951 2636 1102 2734 iungitur
1119 2649 1223 2718 omnis

334 2766 517 2829 uisceribus
532 2767 646 2829 neruis
659 2766 763 2843 uenis
781 2745 1004 2843 quaecumque
1019 2744 1170 2829 uidemus
1198 2751 1200 2754 Α
1216 2747 1219 2753 ‚

286 2932 288 2936 ,
334 2876 447 2939 mollia
461 2877 593 2938 mortali
609 2876 784 2939 consistere
800 2896 935 2954 corpore
951 2883 1049 2938 creta.

292 2986 392 3049 -sed
407 2994 517 3048 tamen
533 2993 602 3049 esto
617 2986 682 3049 iam
699 3006 791 3064 posse
806 2988 886 3048 haec
902 2970 1036 3049 aeterna
1052 3006 1183 3048 manere
1194 2966 1209 3061 ;x

335 3115 452 3172 nempe
467 3103 577 3158 tamen
593 3097 713 3158 debent
729 3103 788 3159 aut
803 3116 934 3158 sensum
949 3095 1055 3173 partis
1071 3096 1190 3158 habere

336 3212 394 3268 aut
411 3205 526 3267 similis
541 3205 621 3268 totis
636 3205 834 3269 animalibus
850 3225 917 3268 esse
934 3205 1057 3297 putari.

336 3320 370 3377 ot
387 3322 552 3391 nequeant
569 3335 628 3392 per
644 3334 676 3376 00
694 3322 805 3392 partes
822 3315 943 3376 sentire
959 3334 1087 3377 necesse
1104 3320 1169 3390 est3

335 3443 476 3501 namque
494 3424 575 3487 alios
592 3443 705 3487 sensus
722 3426 944 3514 membrorum
959 3424 1086 3502 respuit
1104 3411 1218 3499 omnis,

335 3554 395 3595 nec
409 3554 526 3596 manus
541 3555 561 3596 a
575 3533 668 3597 nobis
684 3533 771 3611 potis
785 3512 834 3596 est
849 3518 974 3596 secreta
987 3553 1092 3609 neque
1107 3534 1178 3595 ulla

335 3643 482 3721 corporis
498 3643 631 3705 omnino
645 3664 775 3706 sensum
792 3663 870 3720 pars
886 3643 954 3705 sola
965 3649 1090 3705 tenere.

336 3753 501 3830 linquitur
517 3760 555 3815 ut
571 3752 650 3815 totis
667 3752 891 3815 animantibus
907 3731 1158 3832 adsimulantur.
1179 3834 1182 3841 ,

292 3863 382 3926 -sic
397 3862 512 3925 itidem
527 3884 610 3939 quae
627 3862 785 3925 sentimus
801 3861 923 3924 sentire
938 3840 1107 3937 necessest,
1275 3838 1279 3849 ⁵

335 3972 433 4036 uitali
448 3980 486 4035 ut
502 3971 628 4050 possint
643 3970 826 4055 consentire
841 3948 989 4047 undique
1005 3990 1111 4032 sensu.

347 4105 397 4154 903
409 4104 476 4166 fort.
493 4118 575 4168 porro
591 4103 711 4168 migrant
729 4102 830 4152 sentire

347 4172 480 4233 9090019.
496 4171 581 4222 simili

841 4262 897 4313 [⁷⁰]
