3234 4686
649 462 701 511 DE
719 461 851 512 RERVM
869 462 1024 512 NAYVRA
1046 463 1087 512 VI

357 658 520 753 optundil
559 696 618 739 cur
634 675 704 754 ipse
721 676 801 739 sinit
817 696 923 755 neque
939 677 1048 755 parcit
1064 677 1100 738 in
1116 677 1240 740 hostisl

356 785 498 862 denique
513 806 573 848 cur
587 806 768 864 numquam
784 788 874 849 caelo
889 786 968 849 iacit
983 787 1131 865 undique
1147 808 1233 865 puro

356 893 511 973 Iuppiter
529 894 564 956 in
581 902 689 958 terras
707 895 835 958 fulmen
854 896 1045 974 sonitusque
1064 896 1264 974 profundit‘.l

356 1024 401 1067 an
415 1004 514 1067 simul
529 1025 567 1068 ac
583 1006 687 1069 nubes
701 1025 892 1082 successere,
909 1005 979 1084 ipse
995 1006 1030 1067 in
1047 1013 1188 1070 eastum

355 1114 534 1192 deseendit,
550 1134 654 1193 prope
669 1122 708 1178 ut
723 1115 800 1178 hinc
816 1116 875 1178 teli
891 1116 1087 1179 determinet
1102 1116 1209 1179 ictusl

356 1223 391 1284 in
405 1244 495 1287 mare
511 1245 577 1302 qua
591 1244 691 1303 porro
705 1225 810 1287 mittit
825 1224 974 1289 ratione?
991 1225 1072 1303 quid
1087 1226 1195 1288 undas

356 1333 468 1411 arguit
483 1341 515 1396 et
530 1333 691 1412 liquidam
705 1336 821 1397 molem
837 1355 1032 1413 camposque
1047 1335 1216 1398 natantisl

312 1451 528 1521 —praeterea
541 1444 569 1506 si
583 1445 652 1506 volt
667 1465 841 1508 caueamus
855 1444 1007 1507 fulminis
1022 1444 1134 1522 ictum,

355 1573 415 1616 cur
429 1553 562 1616 dubitat
576 1553 686 1616 iacere
700 1561 739 1616 ut
753 1554 916 1632 possimus
929 1574 1061 1617 eernere
1075 1555 1232 1618 missu'ml

354 1662 383 1725 si
398 1683 458 1726 nec
473 1663 642 1742 opinantis
658 1671 768 1727 autem
783 1666 854 1727 uolt
870 1664 1055 1742 opprimere
1072 1664 1151 1743 igni,

355 1793 414 1836 cur
427 1779 522 1835 tonat
537 1793 576 1834 ex
591 1773 649 1836 illa
662 1780 768 1852 parte,
782 1780 821 1836 ut
835 1774 944 1837 uitare
959 1794 1125 1852 queamus,

355 1902 414 1944 cur
431 1884 582 1946 tenebras
598 1892 674 1947 ante
691 1891 724 1947 et
740 1883 894 1947 fremitus
910 1892 942 1947 et
958 1905 1131 1948 murmura
1146 1884 1275 1948 coneitl

355 1999 388 2055 et
404 1991 501 2054 simul
517 1993 553 2053 in
569 1994 690 2056 multas
707 1994 814 2071 partis
830 1994 887 2071 qui
903 1994 1035 2057 credere
1052 1994 1156 2073 possis

354 2101 506 2165 mitteret
525 2124 567 2166 an
585 2104 646 2165 hoc
664 2103 752 2165 ausis
770 2124 950 2181 numquam
969 2104 1165 2167 contendere
1184 2104 1322 2181 factum,

354 2218 393 2273 ut
408 2211 525 2274 fierent
538 2212 626 2275 ictus
641 2233 709 2275 uno
723 2215 784 2275 sub
800 2220 946 2292 tempore
963 2215 1097 2292 pluresl

310 2327 389 2384 -at
405 2328 533 2399 saepest
549 2342 685 2386 numero
701 2322 828 2385 factum
844 2322 980 2401 fierique
996 2331 1165 2400 necessest,

354 2438 392 2493 ut
407 2431 521 2508 pluere
537 2431 572 2493 in
587 2432 701 2494 multis
717 2432 905 2510 regionibus
921 2440 953 2495 et
969 2434 1085 2496 cadere
1100 2433 1224 2509 imbris,

354 2540 499 2604 fulmina
513 2541 559 2604 sic
575 2561 643 2604 uno
657 2542 730 2605 fieri
746 2544 806 2605 sub
823 2550 969 2621 tempore
985 2544 1100 2606 multa.

310 2656 519 2727 —postremo
534 2672 593 2714 eur
610 2659 724 2715 sancta
742 2652 840 2715 deum
858 2653 997 2715 delubra
1013 2673 1153 2730 suasque

354 2760 491 2823 discutit
507 2760 630 2824 infesto
645 2762 834 2840 praeclaras
849 2762 989 2824 fulmine
1006 2763 1097 2825 sedes

354 2877 386 2933 et
401 2872 483 2934 bene
499 2870 590 2934 facta
606 2872 704 2934 deum
720 2872 849 2950 frangit
866 2872 1042 2936 simulacra
1058 2872 1190 2951 suisque

353 2980 455 3043 demit
472 2980 671 3058 imaginibus
689 2981 835 3044 uiolento
852 2983 986 3045 uolnere
1003 2983 1179 3045 honoreml

352 3092 486 3168 ultaque
502 3112 561 3154 cur
578 3092 771 3169 plerumque
789 3093 873 3169 petit
890 3092 961 3183 loca
977 3093 1186 3170 plurimaque
1203 3092 1273 3156 eius

352 3200 519 3263 montibus
535 3201 570 3262 in
586 3201 721 3287 summis
738 3202 879 3278 uestigia
896 3201 1059 3264 cernimus
1076 3201 1183 3279 ignisl

416 3481 512 3558 Quod
528 3487 687 3558 superest,
704 3480 834 3543 facilest
851 3502 891 3544 ex
906 3481 959 3542 his
974 3501 1165 3559 cognoscere
1181 3482 1288 3558 rebus,

352 3598 518 3668 presteras
534 3590 627 3653 Graii
645 3611 725 3668 quos
742 3592 782 3653 ab
799 3611 834 3652 re
850 3590 1104 3667 nominitarunt,

353 3678 389 3761 in
403 3721 493 3764 mare
509 3721 574 3777 qua
590 3700 681 3762 missi
696 3701 835 3763 ueniant
851 3700 979 3763 ratione
996 3721 1147 3778 superne.
1202 3718 1209 3731 ·

309 3831 429 3873 —aam
445 3811 483 3872 fit
499 3816 537 3873 ut
553 3798 722 3873 interdum
738 3817 907 3887 tamquam
924 3810 1065 3873 demissa
1080 3811 1231 3873 columna

329 3903 333 3913 ¹
352 3920 387 3982 in
401 3941 491 3984 mare
507 3908 551 3984 de⁸
563 3920 651 3983 eaelo
667 3921 852 3996 descendat,
869 3940 968 3996 quam
984 3919 1073 3983 freta
1089 3919 1213 3982 circum

352 4029 544 4092 feruescunt
562 4029 710 4106 grauiter
727 4028 933 4108 spirantibus
951 4029 1051 4092 lacita
1068 4028 1197 4106 flabris3

363 4161 414 4210 428
425 4161 497 4221 vulp.
512 4159 597 4209 incita

844 4228 920 4279 [228]
