3190 4682
630 456 682 506 DE
700 457 832 506 RERVM
850 457 1005 507 NATVRA
1024 457 1068 506 IV

695 668 851 726 <MOTV
873 669 1041 728 VIDERI>

338 775 486 834 corpora,
503 776 586 835 quae
604 757 729 821 feriant
746 758 855 820 oculos
871 757 1044 834 uisumque
1061 758 1232 820 lacessant.

339 873 564 944 perpetuoque
581 866 691 929 fluunt
707 867 805 930 certis
821 868 861 930 ab
878 868 977 930 rebus
993 867 1107 930 odores

323 975 450 1054 (frigus
464 983 503 1039 ut
518 997 538 1039 a
552 976 674 1053 fluuiis,
690 977 778 1039 calor
795 978 835 1039 ab
850 977 924 1052 sole,
941 983 1050 1040 aestus
1065 977 1105 1039 ab
1121 975 1221 1038 undis

339 1085 489 1161 aequoris
506 1106 617 1149 exesor
634 1106 818 1148 moerorum
834 1085 934 1148 litora
950 1085 1105 1162 circum).

338 1215 397 1257 nec
414 1195 528 1258 uariae
545 1202 672 1258 cessant
688 1215 784 1258 uoces
799 1195 940 1259 uolitare
957 1215 1017 1273 per
1034 1216 1142 1258 auras.

339 1304 480 1382 denique
495 1304 531 1365 in
547 1324 581 1367 00
596 1304 674 1367 salsi
689 1304 783 1367 uenit
797 1325 892 1367 umor
907 1324 1004 1381 saepe
1020 1304 1156 1382 saporis,

338 1434 413 1476 eum
428 1434 518 1476 mare
533 1434 705 1477 uersamur
721 1421 868 1492 propter,
884 1414 1056 1490 dilutaque
1073 1421 1189 1476 contra

339 1543 413 1586 cum
430 1523 557 1586 tuimur
573 1523 702 1586 misceri
720 1523 895 1600 absinthia,
914 1523 1023 1601 tangit
1041 1543 1181 1585 amaror.

295 1653 441 1709 —usque
456 1634 538 1696 adeo
552 1633 702 1695 omnibus
716 1635 756 1697 ab
772 1635 869 1695 rebus
884 1652 936 1694 res
951 1652 1097 1710 quaeque
1113 1632 1253 1695 fluenter
1294 1614 1297 1619 ¹

339 1741 449 1805 fertur
465 1749 497 1806 et
512 1742 548 1803 in
563 1749 699 1805 cunctas
714 1742 896 1805 dimittitur
912 1742 1060 1819 undique
1076 1749 1187 1820 partes

338 1872 397 1914 nec
413 1872 504 1914 mora
519 1872 579 1914 nec
594 1852 723 1928 requies
739 1852 929 1914 interdatur
945 1853 1015 1914 ulla
1031 1852 1165 1929 fluendi,

339 1968 501 2038 perpetuo
518 1962 672 2038 quoniam
690 1961 858 2037 sentimus,
875 1968 908 2024 et
925 1961 1035 2024 omnia
1052 1981 1179 2039 semper

338 2091 470 2134 cernere
489 2071 620 2134 odorari
638 2070 714 2134 licet
732 2078 764 2134 et
782 2071 904 2134 sentire
921 2068 1069 2156 00101οΗ

401 2350 578 2413 Praeterea
593 2350 748 2427 quoniam
765 2351 917 2413 manibus
933 2357 1078 2413 tractata
1094 2350 1203 2428 figura

338 2459 374 2521 in
390 2460 535 2522 tenebris
552 2461 712 2537 quaedam
730 2460 937 2538 cognoscitur
954 2479 1020 2521 esse
1039 2461 1150 2523 eadem
1168 2480 1250 2536 quae

338 2569 486 2632 cernitur
501 2569 537 2630 in
550 2570 622 2633 luce
638 2577 670 2632 et
686 2570 775 2632 claro
790 2571 940 2645 candore,
956 2575 1115 2632 necessest

338 2679 500 2750 consimili
516 2700 615 2742 causa
631 2686 757 2742 tactum
774 2679 947 2756 uisumque
964 2679 1098 2741 moueri.

338 2809 426 2851 auno
442 2789 546 2866 igitur
561 2789 589 2850 si
604 2790 805 2865 quadratum
820 2795 1020 2867 temptamus
1037 2797 1068 2852 et
1085 2789 1120 2851 id
1136 2809 1194 2851 nos

339 2906 520 2961 commouet
534 2898 570 2959 in
584 2899 737 2975 tenebris
754 2899 789 2959 in
804 2899 871 2961 luci
886 2918 969 2976 quae
985 2899 1107 2976 poterit
1123 2918 1174 2960 res

339 3007 485 3071 accidere
502 3008 543 3070 ad
560 3008 699 3086 speciem
715 3010 880 3085 quadrata
894 3008 959 3070 nisi
975 3008 1045 3071 eius
1060 3008 1188 3086 imago?

295 3137 405 3178 —esse
422 3117 457 3178 in
474 3117 673 3195 imaginibus
690 3123 894 3195 quapropter
911 3138 1010 3180 causa
1026 3118 1161 3180 uidetur

339 3226 501 3289 cernundi
516 3247 621 3305 neque
637 3246 729 3304 posse
745 3226 815 3290 sine
829 3228 881 3288 his
896 3247 949 3290 res
963 3228 1033 3289 ulla
1047 3227 1166 3289 uideri.

400 3422 496 3483 Nunc
512 3442 649 3498 eaquae
666 3421 740 3483 dico
755 3442 866 3483 rerum
882 3421 1058 3483 simulacra
1074 3420 1232 3483 feruntur

337 3531 485 3608 undique
501 3539 533 3594 et
550 3531 585 3591 in
601 3538 736 3592 cunctas
752 3530 920 3593 iaciuntur
937 3530 1046 3593 didita
1060 3530 1183 3607 partis3

338 3661 455 3703 uerum
469 3639 645 3703 1000011110
660 3640 739 3716 quia
752 3640 828 3702 solis
843 3660 976 3702 cernere
991 3639 1131 3716 quimus,

339 3756 516 3827 propterea
531 3749 568 3812 fit
583 3749 644 3825 uti,
662 3732 801 3827 speciem
818 3769 883 3826 quo
897 3749 1068 3825 uertimus
1084 3768 1195 3811 omnes

338 3880 390 3922 res
407 3859 453 3921 ibi
469 3879 539 3922 eam
556 3866 671 3921 contra
688 3858 812 3921 feriant
829 3858 937 3921 forma
954 3865 1052 3935 atque
1069 3859 1184 3921 colore.

296 3976 372 4031 —et
388 3975 549 4045 quantum
566 3988 713 4045 quaeque
730 3969 770 4030 ab
786 3968 879 4030 nobis
895 3989 947 4030 res
963 3968 1058 4044 absit,
1075 3967 1183 4045 imago

338 4078 434 4140 efficit
450 4084 489 4139 ut
504 4078 676 4140 uideamus
691 4084 723 4139 et
740 4078 959 4140 internoscere
976 4084 1088 4153 curat;

834 4224 906 4275 [126]
