3234 4686
638 373 689 422 DE
707 373 840 423 RERVM
857 374 1011 423 NATVRA
1035 374 1058 422 V

337 606 414 649 nam
429 607 503 649 cum
519 607 570 648 res
586 588 690 650 tantis
705 589 827 651 morbis
841 589 1008 666 tantisque
1025 590 1158 667 periclis

336 703 591 773 temptarentur‚
610 697 655 759 ibi
673 698 701 758 si
718 698 846 760 tristior
864 698 1065 761 incubuisset

336 826 444 881 causa,
460 806 580 868 darent
595 808 661 875 late
678 808 803 870 cladem
820 827 1020 885 magnasque
1037 807 1161 872 ruinas

336 935 395 977 nec
411 915 539 978 ratione
556 917 621 978 alia
636 918 790 979 mortales
807 937 874 980 esse
891 917 1054 994 uidemur,

335 1024 423 1086 inter
440 1045 499 1087 nos
515 1025 579 1087 nisi
597 1027 684 1102 quod
700 1026 822 1088 morbis
840 1027 1056 1104 aegrescimus
1074 1027 1161 1090 idem

336 1141 435 1212 atque
451 1135 501 1195 illi
518 1155 599 1212 quos
614 1136 721 1198 auita
737 1143 860 1199 natura
876 1137 1026 1199 remouit.

532 1326 661 1390 QVARE
685 1326 927 1376 AETERNITAS
952 1327 1043 1377 ESSE
1068 1326 1198 1377 POSSIT

398 1415 575 1477 Praeterea
591 1435 814 1492 quaecumque
831 1423 965 1479 manent
982 1423 1117 1479 aeterna
1131 1423 1294 1479 necessust

336 1531 403 1599 aut,
420 1524 497 1600 quia
512 1531 590 1587 sunt
605 1524 710 1587 solido
725 1546 799 1587 cum
814 1545 960 1603 corpore,
976 1545 1130 1603 respuere
1146 1525 1232 1588 ictus

335 1654 394 1696 nec
413 1640 586 1711 penetrare
604 1634 676 1711 pati
693 1634 756 1696 sibi
773 1634 948 1711 quicquam
966 1636 1054 1712 quod
1072 1642 1171 1712 queat
1189 1642 1278 1698 artas

335 1743 509 1805 dissociare
526 1743 618 1805 intus
634 1744 749 1820 partie,
766 1750 804 1806 ut
821 1744 973 1806 materiai

335 1872 473 1930 corpora
491 1859 569 1914 sunt
587 1873 726 1930 quorum
745 1861 900 1916 naturam
918 1854 1119 1916 ostendimus
1136 1861 1223 1930 ante,

335 1969 393 2024 aut
409 1961 484 2024 ideo
499 1963 622 2025 durare
638 1969 778 2025 aetatem
794 1983 887 2040 posse
905 1983 964 2040 per
981 1982 1117 2040 omnem,

334 2071 510 2149 plagarum
526 2071 605 2151 quia
621 2079 699 2133 sunt
716 2072 874 2149 expertia,
891 2073 976 2135 sicut
993 2073 1091 2136 inane
1109 2079 1157 2136 est

335 2181 422 2258 quod
439 2188 550 2243 manet
567 2181 728 2243 intactum
746 2202 851 2258 neque
869 2183 909 2244 ab
928 2182 997 2244 ictu
1015 2182 1172 2259 fungitur
1189 2182 1301 2258 hilum,

334 2296 392 2352 aut
408 2289 507 2354 etiam
523 2291 602 2368 quia
616 2292 709 2353 nulla
724 2291 787 2353 loci
802 2291 840 2352 fit
856 2291 951 2369 copia
966 2292 1099 2369 circum,

334 2420 399 2476 quo
415 2400 509 2477 quasi
525 2420 577 2462 res
592 2400 719 2477 possint
736 2401 901 2462 discedere
918 2402 1128 2478 dissoluique‚

318 2508 419 2584 (sicut
437 2530 639 2572 summarum
657 2530 783 2573 summa
801 2517 849 2573 est
866 2518 1002 2573 aeterna
1018 2532 1123 2588 neque
1142 2518 1235 2574 extra

333 2618 390 2695 qui
403 2620 493 2681 locus
507 2626 555 2681 est
569 2639 634 2696 quo
646 2620 811 2682 dissiliant
826 2640 930 2696 neque
945 2640 1084 2697 corpora
1098 2628 1176 2683 sunt
1190 2640 1273 2698 quac

333 2728 460 2806 possint
478 2727 622 2791 incidere
641 2736 673 2792 et
690 2729 805 2792 ualida
823 2729 1002 2793 dissoluere
1019 2730 1150 2807 plaga).

289 2844 367 2900 -ot
384 2858 498 2915 neque,
515 2838 567 2900 uti
584 2838 688 2914 docui,
706 2839 811 2901 solido
826 2860 900 2901 cum
917 2859 1051 2916 corpore
1068 2840 1185 2902 mundi

332 2954 495 3023 naturast,
513 2947 668 3024 quoniam
685 2948 900 3011 admixtumst
918 2948 953 3009 in
970 2950 1069 3011 rebus
1085 2949 1193 3025 inane,

332 3076 391 3119 nec
406 3064 516 3120 tamen
533 3064 580 3120 est
595 3063 633 3119 ut
649 3057 756 3133 inane,
772 3078 878 3134 neque
894 3064 1005 3120 autem
1021 3078 1158 3136 corpora
1175 3059 1303 3135 desunt,

333 3188 372 3229 cx
389 3165 521 3229 infinito
538 3187 621 3243 quae
639 3167 765 3244 possint
783 3166 870 3230 forte
888 3174 999 3230 coorta

332 3295 484 3339 corruere
499 3277 584 3338 hanc
598 3296 709 3339 rerum
724 3276 870 3339 uiolento
884 3276 1017 3339 turbine
1033 3297 1193 3340 summam

332 3393 391 3448 aut
410 3385 508 3448 aliam
527 3385 679 3462 quamuis
698 3386 823 3448 cladem
843 3385 1013 3463 inportare
1033 3386 1158 3464 pericli,

332 3515 391 3557 nec
408 3515 508 3572 porro
523 3500 646 3557 natura
661 3495 723 3558 loci
740 3495 949 3572 spatiumque
965 3495 1129 3573 profundi

332 3604 451 3681 deficit,
470 3605 623 3682 exspargi
640 3624 705 3681 quo
721 3603 847 3681 possint
864 3603 993 3667 moenia
1008 3604 1135 3682 mundi,

332 3721 390 3776 aut
407 3714 472 3777 alia
489 3714 607 3791 quauis
623 3721 761 3791 possunt
777 3713 813 3775 ui
829 3714 926 3791 pulsa
941 3713 1059 3791 perire.

290 3824 414 3886 -haut
429 3823 533 3901 igitur
548 3823 606 3886 leti
622 3824 795 3900 praeclusa
810 3830 858 3886 est
873 3822 974 3885 ianua
990 3824 1079 3886 caelo

331 3953 390 3995 nec
405 3933 465 3995 soli
481 3939 653 4009 terraeque
669 3952 773 4009 neque
790 3931 866 3994 altis
883 3931 1034 4008 aequoris
1049 3932 1158 4009 undis,

341 4064 392 4113 349
402 4065 475 4124 vulp.
490 4063 576 4113 isdem

825 4148 899 4199 [176]
