3234 4684
506 461 558 511 Im
575 461 708 511 RERVM
725 461 880 512 NATVRA
900 463 917 512 I

193 673 426 737 inreuocabilis
446 675 620 739 abstulerit
638 675 704 738 iam
722 676 904 754 praeterita
923 684 1029 754 aetas3

177 784 337 861 (namque
353 784 437 847 aliut
452 784 561 862 terris,
579 785 663 848 aliut
679 785 869 863 regionibus
884 785 966 864 ipsis

194 900 351 956 euentum
366 893 432 956 dici
447 894 570 972 poterit
585 896 813 973 quodcumque
829 896 892 958 erit
908 897 1044 973 actum.)

193 1003 336 1080 denique
351 1003 504 1067 materies
518 1004 547 1066 si
562 1025 674 1067 rerum
689 1006 783 1067 nulla
800 1005 918 1068 fuisset

193 1132 254 1174 nec
268 1113 360 1175 locus
374 1134 411 1176 ac
426 1114 581 1190 spatium,
597 1113 699 1176 resin
715 1134 780 1192 quo
796 1134 943 1192 quaeque
959 1122 1132 1193 geruntur,

193 1242 375 1299 numquam
392 1222 593 1299 Tyndaridis
610 1223 719 1286 forma
735 1224 896 1287 conflatus
913 1225 1033 1288 amoris

193 1330 290 1409 ignis,
309 1332 494 1395 Alexandri
512 1332 659 1411 Phrygio
676 1335 736 1396 sub
755 1340 885 1411 pectore
904 1333 1052 1412 gliscens²

193 1440 284 1503 clara
301 1441 501 1504 accendisset
518 1442 808 1529 saeuicertamina
823 1443 910 1520 belli,

192 1570 253 1612 nec
272 1551 356 1613 clam
375 1551 535 1613 durateus
555 1552 719 1614 Troiianis
737 1553 899 1630 Pergama
919 1560 1020 1631 partu

192 1659 427 1724 inflammasset
446 1681 544 1738 equos
562 1668 725 1724 nocturno
744 1660 1022 1739 Graiiugenarum
1032 1689 1039 1740 ;

194 1768 435 1847 perspicerent
452 1770 557 1848 possis
573 1791 625 1833 res
642 1778 749 1849 gestas
767 1771 922 1834 funditus
940 1772 1044 1835 omnis

193 1898 260 1941 non
278 1879 325 1942 ita
342 1879 394 1942 uti
412 1899 531 1958 corpus
548 1900 657 1958 perse
675 1888 824 1944 constare
842 1901 947 1958 neque
966 1902 1041 1959 esse,

192 2008 252 2050 nec
267 1988 394 2051 ratione
410 1990 518 2052 cluere
534 1990 646 2053 eadem
661 2011 727 2067 qua
742 1996 869 2053 constet
884 1991 991 2068 inane,

192 2097 250 2160 sed
266 2098 370 2176 magis
387 2106 426 2161 ut
443 2099 561 2161 merito
578 2099 683 2176 possis
699 2107 818 2163 euenta
835 2120 953 2162 uocare

193 2207 349 2285 corporis
366 2215 464 2285 atque
480 2208 543 2271 loci
559 2228 611 2271 res
626 2208 662 2270 in
678 2230 744 2286 quo
760 2230 907 2287 quaeque
924 2218 1093 2288 gerantur.

255 2570 403 2647 Corpora
420 2578 497 2634 sunt
515 2591 615 2648 porro
631 2573 754 2650 partim
771 2573 954 2650 primordia
970 2594 1091 2652 rerum,

192 2679 315 2756 partim
331 2680 470 2743 concilio
485 2701 568 2758 quae
585 2689 737 2744 constant
754 2682 1005 2761 principiorum.

145 2789 247 2851 -sed
264 2809 347 2865 quae
363 2796 442 2852 sunt
456 2810 568 2853 rerum
584 2791 776 2868 primordia,
793 2793 887 2855 nulla
903 2799 1011 2872 potest
1028 2793 1080 2856 uis

191 2897 376 2975 stinguere3
393 2919 470 2983 nam
486 2899 591 2961 solido
605 2900 747 2964 uincunt
764 2922 801 2964 11
818 2921 954 2979 corpore
971 2902 1111 2965 demum.

191 3007 252 3069 etsi
270 3007 400 3071 difficile
418 3028 484 3070 esse
502 3008 638 3071 uidetur
656 3011 788 3073 credere
806 3010 981 3088 quicquam

190 3115 226 3177 in
240 3118 339 3180 rebus
354 3118 459 3180 solido
472 3118 614 3196 reperiri
629 3139 765 3198 corpore
780 3139 882 3199 posse.

191 3226 312 3289 transit
329 3226 416 3288 enim
432 3226 560 3289 fulmen
577 3228 658 3290 caeli
674 3248 733 3306 per
749 3236 863 3306 saepta
880 3213 1059 3308 domorum,

190 3335 312 3398 clamor
328 3342 367 3398 ut
384 3357 422 3399 ac
438 3356 551 3412 uoces;
569 3337 697 3400 serrum
714 3338 881 3400 candescit
897 3338 932 3400 in
950 3338 1020 3417 igni

189 3444 423 3522 dissiliuntque
441 3445 511 3507 fere
529 3446 676 3509 feruenti
692 3467 773 3509 saxa
788 3467 930 3524 uapore;

190 3574 263 3617 cum
282 3554 503 3617 labefactatus
520 3555 611 3633 rigor
630 3556 705 3619 auri
723 3555 866 3618 soluitur
886 3564 987 3633 aestu,

185 3672 260 3744 ⁸tum
278 3664 399 3742 glacies
415 3664 501 3727 aeris
518 3665 649 3727 flamma
667 3665 799 3728 deuicta
817 3665 985 3743 liquescit;

190 3781 362 3851 permanat
383 3774 471 3836 calor
491 3782 665 3851 argentum
685 3776 917 3852 penetraleque
937 3775 1055 3853 frigus,

189 3884 322 3959 quando
339 3888 517 3960 utrumque
535 3904 636 3945 manu
654 3884 833 3946 retinentes
851 3885 968 3961 pocula
985 3884 1048 3947 rite

199 4013 251 4063 469
260 4014 329 4076 fort.
343 4028 392 4078 per
406 4028 457 4063 res.

200 4082 249 4131 491
259 4083 333 4143 vulp.
349 4081 410 4132 fero
427 4081 564 4132 ferventia

199 4150 333 4212 4921119,
350 4153 409 4201 tum
