3234 4684
652 454 704 504 mr
722 454 854 504 RERVM
872 454 1027 504 NATVBA
1046 454 1080 504 11

350 666 482 730 infinita
496 675 607 730 tamen
622 667 686 730 nisi
702 668 765 731 erit
780 668 834 730 uis
847 667 999 753 materiai

349 777 438 839 unde
453 797 491 839 ea
506 777 661 855 progigni
676 777 779 856 possit
794 785 961 856 concepta,
977 778 1084 840 creari

349 907 416 948 non
432 888 564 965 poterit,
580 908 695 964 neque,
712 889 800 964 quod
816 895 976 965 superest,
993 907 1200 965 procrescere
1215 887 1334 964 alique.

350 996 474 1074 quippe
490 996 610 1059 etenim
625 1017 753 1074 quoque
769 997 820 1059 uti
836 1018 962 1059 sumam
976 999 1047 1074 hoc,
1062 997 1232 1075 finitaper
1248 1016 1342 1059 omne
1357 1068 1359 1075 y

349 1126 487 1184 corpora
503 1107 620 1169 iactari
634 1107 735 1169 unius
750 1107 909 1184 genitalia
923 1107 981 1183 rei,

349 1217 437 1278 unde
452 1215 509 1278 ubi
524 1236 589 1293 qua
603 1216 639 1278 ui
654 1224 686 1278 et
701 1236 766 1293 quo
781 1223 878 1294 paeto
893 1236 1066 1293 congressa
1081 1215 1215 1278 coibunt

349 1326 506 1389 materiae
524 1333 618 1389 tanto
635 1326 669 1386 in
688 1326 805 1404 pelago
822 1328 986 1402 turbaque
1004 1326 1133 1389 alienal

349 1456 425 1511 reon,
441 1443 479 1497 ut
495 1435 622 1513 opinor,
637 1436 760 1497 habent
774 1436 935 1497 rationem
951 1435 1149 1497 conciliandi
1157 1461 1166 1521 3

349 1546 405 1608 sed
422 1545 515 1622 quasi
531 1544 718 1622 naufragiis
733 1545 864 1626 magnis
877 1545 1054 1621 multisque
1070 1541 1189 1607 coortis

349 1655 522 1717 disiectare
539 1656 619 1717 solet
637 1676 793 1732 magnum
810 1676 899 1717 mare
916 1661 1064 1731 transtra
1081 1674 1240 1726 cauernas

348 1772 520 1827 antemnas
537 1785 670 1842 proram
687 1766 788 1826 malos
805 1772 980 1841 tonsasque
996 1764 1153 1840 natantis
1217 1832 1220 1838 ,

349 1895 408 1951 per
423 1882 589 1936 terrarum
605 1874 709 1936 omnis
724 1895 798 1936 oras
813 1873 983 1936 fluitantia
998 1875 1149 1951 aplustra

348 1992 386 2046 ut
401 1984 581 2047 uideantur
597 1990 629 2047 et
644 1984 806 2046 indicium
819 1984 1013 2046 mortalibus
1029 1984 1138 2060 edant,

348 2093 443 2155 infidi
460 2093 561 2156 maris
577 2093 715 2156 insidias
732 2094 879 2170 uirisque
896 2094 1072 2173 dolumque

348 2212 387 2266 ut
405 2203 513 2265 uitare
532 2203 647 2279 uelint,
667 2223 749 2265 neue
767 2204 836 2265 ullo
853 2210 1000 2282 tempore
1019 2203 1166 2279 credant,

348 2313 486 2375 subdola
501 2333 575 2375 cum
589 2312 678 2375 ridet
690 2313 814 2390 placidi
829 2312 968 2390 pellacia
982 2313 1087 2389 ponti,

348 2422 394 2484 sic
410 2422 472 2484 tibi
487 2422 515 2484 si
530 2422 625 2485 finita
641 2423 738 2485 semel
755 2422 939 2500 primordia
955 2423 1115 2498 quaedam
1180 2483 1181 2487 ,

348 2531 537 2609 constitues,
555 2552 669 2595 aeuom
687 2533 853 2595 debebunt
870 2552 986 2609 sparsa
1003 2551 1062 2608 per
1079 2551 1206 2609 omnem

346 2642 521 2719 disiectare
537 2649 646 2705 aestus
662 2642 786 2711 diuersi
803 2641 964 2718 materiai,

347 2772 528 2829 numquam
544 2752 580 2812 in
596 2751 771 2814 concilium
786 2758 826 2814 ut
841 2751 968 2829 possint
983 2752 1152 2828 compulsa
1168 2749 1253 2813 coire

346 2883 406 2925 nec
422 2862 581 2925 remorari
597 2858 787 2923 in‘concilio
801 2882 860 2924 nec
877 2881 1020 2924 crescere
1036 2861 1178 2930 adaucta

332 2972 490 3049 (quorum
505 2978 684 3049 utrumque
700 2972 810 3048 palam
826 2971 899 3033 fieri
914 2970 1092 3033 manifesta
1109 2971 1203 3041 docet
1218 2989 1280 3045 res,
1309 3031 1320 3050 ,

347 3089 380 3143 et
394 3103 446 3144 res
461 3081 616 3159 progigni
632 3088 664 3144 et
679 3081 807 3159 genitas
822 3100 1028 3158 procrescere
1043 3080 1167 3157 posse).

303 3211 414 3253 -esse
432 3191 536 3268 igitur
553 3212 671 3268 genere
690 3191 725 3251 in
744 3190 861 3267 quouis
878 3189 1062 3267 primordia
1079 3209 1192 3251 rerum

346 3301 479 3363 infinita
497 3302 607 3378 palam
626 3307 674 3363 est
692 3301 780 3362 unde
800 3299 910 3361 omnia
927 3299 1196 3376 suppeditantur.
1247 3365 1250 3371 ,

409 3513 476 3574 Nec
493 3532 650 3590 superare
668 3519 793 3588 queunt
810 3517 918 3572 motus
935 3511 1046 3589 itaque
1063 3509 1211 3572 exitiales

346 3629 508 3700 perpetuo
523 3642 629 3698 neque
646 3621 682 3681 in
699 3628 870 3683 aeternum
886 3619 1024 3697 sepelire
1041 3620 1190 3696 salutem,

345 3753 405 3794 nec
422 3752 521 3810 porro
537 3751 649 3792 rerum
665 3731 824 3808 genitales
841 3729 1062 3806 auctificique„
1102 3811 1104 3814 Α
1148 3802 1163 3809 Η

345 3847 453 3904 motus
469 3850 629 3918 perpetuo
646 3846 784 3918 possunt
800 3859 933 3903 seruare
949 3845 1069 3913 creata.

302 3951 391 4013 -sic
409 3972 510 4028 aequo
527 3950 654 4027 geritur
671 3950 848 4012 certamine
865 3948 1107 4026 principiorum

357 4084 407 4133 547
419 4088 531 4133 sumant
550 4082 624 4133 oculi
657 4083 730 4143 vulp.
748 4086 896 4132 sumantur
912 4082 957 4131 uti

850 4225 907 4276 [58]
