3234 4684
502 515 553 563 DE
571 514 702 563 RERVM
720 514 874 564 NATVRA
895 515 911 563 1

182 729 272 793 unde
289 749 379 792 mare
396 728 551 806 ingenuei
567 727 677 791 fontes
695 734 895 806 externaque
911 729 1007 806 louge

184 838 322 902 flumina
339 839 577 916 suppeditant?
594 840 683 902 unde
701 838 813 902 aether
831 838 940 901 sidera
957 837 1084 915 pascitt

184 948 295 1011 omnia
311 948 399 1011 enim
415 950 520 1025 debet,
538 949 671 1011 mortali
688 968 824 1027 corpore
842 969 925 1026 quae
942 955 1030 1025 sunt,

183 1057 317 1121 infinita
334 1066 424 1121 aetas
442 1078 633 1137 consumpse
652 1064 806 1121 anteacta
821 1058 965 1135 diesque.

185 1168 274 1246 quod
288 1167 317 1230 si
331 1168 367 1229 in
382 1188 419 1232 eo
434 1166 544 1246 spatio
557 1175 656 1245 atque
672 1175 824 1231 anteacta
839 1174 946 1231 aetate
962 1167 1057 1231 fuere

185 1297 202 1339 e
220 1277 340 1355 quibus
355 1278 435 1340 baec
451 1260 564 1340 rerum
579 1277 729 1340 consistit
746 1297 872 1340 summa
890 1276 1024 1354 refecta,

185 1387 354 1450 inmortali
370 1395 449 1450 sunt
466 1395 589 1451 natura
607 1387 760 1466 praedita
777 1394 874 1464 certe,

184 1496 276 1559 haud
293 1496 397 1575 igitur
415 1504 552 1583 possunt
570 1498 612 1568 ad
630 1497 736 1560 nilum
754 1517 901 1574 quaeque
917 1495 1052 1560 reuerti.

138 1606 327 1684 —denique
344 1627 397 1670 res
413 1607 517 1669 omnis
534 1608 647 1670 eadem
663 1606 715 1669 uis
733 1627 896 1684 causaque
913 1607 1011 1684 uolgo

186 1716 368 1793 conficeret,
386 1716 451 1778 nisi
467 1716 620 1779 materies
638 1723 773 1779 aeterna
789 1723 917 1779 teneret

185 1825 275 1889 inter
290 1846 323 1889 se
338 1846 443 1888 nexus
457 1826 567 1889 minus
583 1833 642 1889 aut
657 1826 761 1904 magis
778 1825 992 1904 indupedita:

186 1938 295 1998 tactus
312 1935 399 1998 enim
414 1935 473 1997 leti
490 1935 571 1998 satis
588 1942 671 1999 essct
688 1955 786 1999 causa
803 1935 963 2015 profecto,

185 2044 311 2123 quippe
326 2044 385 2107 ubi
401 2045 495 2108 nulla
510 2045 622 2108 forent
639 2052 774 2108 aeterno
789 2064 925 2123 corpore
942 2065 1082 2123 quorum

186 2162 377 2217 contextum
390 2153 443 2217 uis
458 2155 590 2218 deberet
605 2155 784 2218 dissoluere
800 2174 957 2232 quaeque.

168 2265 223 2340 (at
238 2284 336 2340 nuno,
354 2264 442 2327 inter
456 2284 490 2328 se
506 2264 584 2341 quia
600 2285 704 2327 nexus
721 2264 962 2343 principiorum

185 2372 360 2436 dissimiles
377 2380 529 2436 constant
547 2380 746 2451 aeternaque
762 2373 915 2436 materies
932 2380 988 2450 est,

186 2481 343 2545 incolumi
359 2489 532 2546 remanent
548 2503 600 2546 res
617 2503 761 2561 corpore,
780 2484 859 2546 dum
877 2483 957 2546 satis
974 2483 1060 2546 acris

186 2591 239 2654 uis
255 2593 349 2655 obeat
365 2612 429 2670 pro
443 2597 577 2655 textura
592 2592 750 2670 cuiusque
766 2593 925 2671 reperta.)

139 2701 277 2763 —haud
294 2701 398 2779 igitur
413 2701 502 2764 redit
517 2703 560 2764 ad
576 2702 717 2765 nihilum
733 2723 785 2766 res
800 2704 879 2779 ulla,
896 2703 952 2765 sed
968 2722 1080 2766 omnes

186 2810 327 2873 discidio
341 2811 482 2874 redeunt
498 2811 534 2872 in
549 2831 688 2890 corpora
703 2811 864 2875 materiai.

140 2927 354 2997 —postremo
369 2929 510 2998 pereunt
526 2921 655 2998 imbres
671 2922 730 2984 ubi
746 2942 799 2985 eos
815 2928 911 2999 pater
928 2923 1041 2985 aether

186 3029 224 3091 in
241 3030 402 3107 gremium
419 3030 535 3094 matris
552 3031 655 3093 terrai
674 3031 927 3109 praecipitauit;

188 3146 223 3202 at
239 3139 365 3203 nitidae
382 3147 525 3217 surgunt
541 3140 657 3217 fruges
673 3140 821 3217 ramique
837 3140 1009 3204 uirescunt

188 3248 371 3325 arboribus,
389 3256 540 3312 crescunt
558 3249 648 3326 ipsae
667 3249 803 3327 fetuque
822 3257 1025 3328 grauantur3

187 3357 266 3420 binc
282 3358 385 3421 alitur
402 3378 503 3435 porro
518 3366 668 3422 nostrum
686 3378 790 3433 genus
806 3365 905 3436 atque
922 3359 1080 3435 ferarum,

187 3467 266 3530 hinc
283 3467 386 3531 laetas
403 3469 501 3531 urbes
518 3468 632 3546 pueris
647 3468 764 3532 florere
781 3468 932 3531 uidemus

189 3575 458 3654 frondiferasque
476 3577 572 3639 nouis
590 3577 708 3640 auibus
726 3597 842 3640 canere
860 3578 1007 3656 undique
1024 3578 1143 3656 siluas3

188 3686 266 3749 hinc
282 3687 388 3750 fessae
403 3688 545 3766 pecudes
560 3686 678 3764 pingui
694 3707 754 3766 per
771 3688 894 3764 pabula
909 3689 997 3751 laeta

189 3815 328 3875 corpora
346 3796 517 3875 deponunt
535 3804 567 3859 et
585 3797 729 3859 candens
744 3796 869 3859 lacteus
885 3817 981 3860 umor

188 3905 345 3968 uberibus
361 3912 475 3968 manat
493 3905 663 3981 distentis3
680 3904 758 3968 hinc
775 3925 862 3968 noua
879 3906 987 3983 proles

189 4016 328 4078 artubus
344 4014 484 4077 infirmis
500 4020 631 4078 teneras
645 4014 771 4078 lasciua
787 4035 847 4092 per
862 4016 980 4078 herbas

199 4129 251 4179 240
261 4129 333 4191 vulp.
349 4143 424 4178 nexu

199 4205 251 4256 257
260 4204 373 4271 pinguis
424 4204 493 4267 fort.
508 4205 634 4270 pecudes,
649 4203 770 4270 pinguis,
785 4220 835 4269 per

702 4289 742 4341 [9]
