3190 4682
537 443 751 495 marcuart
770 444 859 496 aaa]

155 662 221 718 aut
237 656 338 720 etiam
352 678 535 735 properans
549 660 663 721 urbem
678 657 763 736 petit
779 665 877 736 atque
893 658 1018 722 reuisit.

109 767 222 829 -hoc
239 786 273 829 se
290 766 427 844 quisque
442 768 539 829 modo
554 767 660 845 fugit:
678 775 712 831 at
728 788 834 845 quem,
850 767 983 844 scilicet,
1000 775 1039 830 ut
1054 767 1101 844 fit,

156 876 310 953 effugere
323 876 406 939 haut
420 876 508 954 potis
523 884 581 954 est,
597 877 762 955 ingratius
776 879 890 940 haeret
906 885 938 941 et
954 877 1024 940 odit

156 991 351 1063 propterea,
366 985 472 1047 morbi
486 985 565 1063 quia
580 1006 710 1049 causam
725 1006 792 1048 non
806 992 897 1050 tenet
912 1005 1008 1064 aeger
1018 977 1038 1064 3'

156 1095 360 1172 quambene
376 1095 404 1157 si
420 1094 544 1173 uideat,
561 1095 628 1158 iam
643 1096 741 1158 rebus
758 1094 896 1172 quisque
913 1095 1037 1159 relictis

155 1210 321 1267 naturam
338 1204 483 1281 primum
500 1206 632 1268 studeat
650 1225 841 1282 cognoscere
859 1225 980 1282 rerum,

155 1313 323 1391 temporis
340 1313 466 1377 aeterni
484 1314 648 1391 quoniam,
667 1335 733 1377 non
750 1314 851 1382 unius
866 1315 975 1392 horae,

156 1422 346 1501 ambigitur
363 1430 479 1501 status,
497 1424 532 1485 in
550 1444 615 1500 quo
631 1423 675 1486 sit
691 1423 886 1487 mortalibus
903 1423 1007 1486 omnis

156 1539 256 1596 aetas
271 1540 345 1610 post
359 1540 497 1595 mortem
514 1553 596 1610 quae
612 1540 715 1596 restat
731 1553 870 1610 cumque
885 1534 1058 1596 manenda.

226 1725 378 1803 Denique
393 1733 488 1789 tanto
502 1746 599 1804 opere
615 1726 650 1787 in
666 1726 777 1789 dubiis
790 1726 960 1804 trepidare
975 1727 1108 1805 periclis

157 1855 248 1913 quae
265 1836 352 1898 mala
367 1856 426 1898 nos
442 1835 565 1914 subigit
582 1836 666 1898 uitai
683 1843 779 1899 tanta
795 1836 937 1914 cupidol

157 1952 252 2009 certe
269 1944 420 2022 equidem
434 1945 510 2007 finis
525 1945 615 2008 uitae
630 1945 825 2008 mortalibus
841 1945 951 2008 adstat

157 2075 223 2118 nec
240 2054 386 2117 deuitari
401 2056 504 2118 letum
521 2061 597 2133 pote
615 2055 696 2133 quin
712 2050 879 2118 obeamus

157 2170 337 2242 praeterea
353 2184 525 2227 uersamur
541 2164 662 2227 ibidem
678 2172 777 2242 atque
793 2164 942 2227 insumus
956 2160 1063 2242 usque

157 2294 223 2336 nec
238 2293 327 2336 noua
340 2273 485 2336 uiuendo
499 2273 696 2351 procuditur
710 2275 780 2337 ulla
793 2275 966 2351 uoluptas;

158 2383 221 2447 sed
238 2383 318 2444 dum
335 2385 424 2446 abest
441 2384 529 2460 quod
545 2404 688 2459 suemus
706 2383 740 2444 id
758 2404 955 2461 exsuperare
971 2382 1107 2446 uidetur

158 2498 290 2568 cetera3
307 2499 381 2569 post
397 2492 490 2569 aliut,
507 2512 581 2555 cum
596 2492 735 2570 contigit
752 2493 846 2569 illud,
864 2512 998 2555 auemus

159 2609 194 2666 et
211 2601 286 2664 sitis
301 2621 405 2679 aequa
419 2607 509 2665 tenet
524 2602 608 2665 uitai
624 2623 752 2680 semper
766 2602 899 2664 hiantis.

159 2718 361 2790 posteraque
376 2711 410 2771 in
424 2710 557 2773 dubiost
571 2711 742 2775 fortunam
757 2732 856 2789 quam
870 2713 970 2774 uehat
985 2719 1083 2788 aetas,

160 2819 290 2898 quidue
306 2818 394 2882 ferat
410 2820 503 2883 nobis
519 2841 612 2883 casus
628 2821 727 2898 quiue
743 2821 851 2883 exitus
865 2821 975 2883 instet.

160 2950 224 2994 aec
242 2949 396 3007 prorsum
412 2929 518 2993 uitam
536 2931 686 2992 ducendo
702 2930 862 2992 demimus
878 2930 984 2993 hilum

160 3046 313 3117 tempore
330 3040 369 3100 de
386 3039 577 3102 mortisnec
595 3039 740 3102 delibare
756 3040 914 3116 ualemus,

161 3148 357 3227 quominus
374 3168 440 3210 esse
457 3149 516 3210 diu
532 3148 694 3226 possimus
710 3148 798 3211 forte
815 3149 987 3227 perempti.

116 3258 307 3337 —proinde
322 3257 398 3320 licet
414 3259 502 3334 quod
517 3257 569 3320 uis
585 3257 731 3321 uiuendo
746 3259 885 3321 condere
901 3259 1023 3335 saecla;

160 3387 254 3431 mors
270 3373 404 3430 aeterna
421 3374 531 3430 tamen
548 3367 653 3429 nihilo
669 3366 779 3430 minus
796 3367 854 3430 illa
871 3366 1026 3444 manebit,

160 3499 224 3542 nec
240 3476 351 3539 minus
365 3476 420 3540 ille
436 3476 495 3539 diu
510 3476 575 3539 iam
590 3496 656 3538 non
672 3476 744 3553 erit,
761 3498 800 3540 ex
815 3476 975 3539 hodierno

162 3586 290 3651 lumine
308 3586 364 3663 qui
380 3586 478 3648 finem
494 3585 579 3650 nitai
595 3585 684 3662 fecit,
703 3592 734 3648 et
750 3585 805 3646 ille

161 3695 333 3761 mensibus
348 3702 446 3772 atque
463 3695 558 3758 annis
574 3695 632 3772 qui
647 3694 761 3758 multis
777 3693 895 3756 occidit
912 3700 997 3757 ante.

156 3829 226 3880 1068
237 3827 312 3889 vulp.
328 3825 436 3891 fugitat

157 3898 227 3948 1069
237 3896 311 3957 vulp.
328 3895 451 3960 ingratis

157 3963 311 4025 1078111119.
328 3966 408 4013 certa
422 3961 534 4026 quidem
