3234 4684
626 437 678 487 DE
695 436 827 487 RERVM
845 436 1000 514 NATVRA
1021 435 1053 485 11

324 652 554 716 dissoluuntur
570 653 657 717 enim
674 653 841 732 positurae
859 652 1100 731 principiorum

324 769 356 826 et
372 761 505 840 penitus
519 770 626 826 motus
641 762 761 826 uitales
777 762 1006 841 inpediuntur,

324 873 427 935 donec
442 871 604 949 materies,
622 873 726 935 omnis
741 892 898 935 concussa
911 893 971 950 per
987 878 1090 948 artus,

322 981 438 1044 uitalis
452 982 579 1046 animae
594 983 696 1044 nodos
711 1003 731 1045 a
745 1001 880 1059 corpore
895 981 995 1044 soluit

323 1091 570 1169 dispersamque
585 1091 676 1154 foras
691 1112 750 1169 per
765 1091 878 1154 caulas
891 1090 985 1154 eiecit
1000 1090 1113 1153 omnis.

308 1201 402 1277 (nam
418 1201 499 1278 quid
515 1207 687 1279 praeterea
703 1200 812 1264 facere
829 1191 931 1263 ictum
948 1220 1041 1278 posse
1057 1219 1189 1262 reamur

324 1310 480 1388 oblatum,
497 1310 562 1373 nisi
577 1311 741 1374 discutere
759 1331 796 1374 ac
813 1310 991 1373 dissoluere
1009 1308 1195 1387 quacqucl)

281 1420 362 1482 -fit
378 1440 506 1497 quoqne
521 1419 573 1482 uti
588 1421 714 1482 soleant
729 1419 839 1482 minus
855 1420 964 1482 oblato
980 1419 1100 1482 acriter
1116 1418 1184 1481 ictu

324 1529 445 1606 reliqui
459 1536 569 1591 motus
583 1528 697 1592 uitalis
713 1529 846 1592 uincere
862 1549 968 1606 saepe,

323 1638 465 1715 uincere,
482 1645 514 1701 et
531 1638 675 1716 ingentis
692 1639 808 1716 plagae
825 1639 939 1701 sedare
955 1639 1120 1700 tumultus

324 1748 423 1826 inque
441 1768 516 1810 suos
533 1748 691 1826 quicquid
708 1768 825 1810 rursus
841 1768 996 1811 reuocare
1012 1753 1139 1810 meatus

324 1865 356 1920 et
371 1858 465 1936 quasi
480 1857 545 1921 iam
560 1857 619 1920 leti
633 1857 857 1920 dominantem
873 1857 908 1918 in
924 1876 1059 1934 corpore
1074 1862 1199 1919 motum

324 1969 487 2031 discutere
502 1988 539 2030 ac
554 1988 658 2045 paene
673 1967 806 2030 amissos
820 1968 997 2030 accendere
1011 1986 1134 2029 sensus.

308 2078 401 2153 (nam
420 2097 521 2154 quare
539 2076 650 2155 potius
666 2076 725 2139 leti
743 2077 807 2139 iam
825 2076 938 2139 limine
956 2078 996 2138 ab
1015 2075 1086 2153 ipso

325 2186 367 2248 ad
383 2185 488 2248 uitam
504 2185 631 2264 possint
648 2186 794 2248 conlecta
808 2192 917 2248 mente
933 2184 1067 2261 reuerti,

324 2315 423 2372 quam
440 2314 506 2372 quc
521 2296 695 2358 decursum
711 2313 814 2372 prope
830 2294 895 2357 iam
911 2294 973 2356 siet
989 2294 1036 2355 ire
1053 2301 1085 2357 11
1102 2293 1230 2369 abiret)

343 2404 564 2468 —Praeterea
581 2404 735 2482 quoniam
753 2405 846 2466 dolor
863 2411 911 2467 est
928 2403 986 2465 ubi
1002 2400 1154 2466 materiai

324 2534 462 2592 corpora
477 2514 513 2576 ui
528 2515 670 2591 quadam
686 2534 745 2591 per
760 2513 888 2576 uiscera
902 2513 982 2575 uiua
997 2532 1057 2590 per
1072 2519 1165 2576 artus

324 2623 502 2687 sollicitata
518 2623 586 2696 suis
602 2623 774 2700 trepidant
791 2623 826 2684 in
843 2623 975 2686 sedibus
992 2622 1091 2698 intus,

325 2733 423 2810 inque
440 2735 547 2796 locum
564 2734 696 2810 quando
712 2732 903 2810 rcmigrant,
921 2732 959 2794 fit
975 2732 1099 2794 blanda
1115 2732 1280 2809 uoluptas

324 2842 406 2906 scire
421 2843 498 2906 licet
512 2843 606 2905 nullo
619 2842 803 2920 primordia
818 2861 910 2919 posse
927 2842 1037 2904 dolore

324 2952 482 3029 temptari
496 2953 687 3029 nullamque
701 2952 909 3028 uoluptatem
924 2970 1040 3028 capere
1056 2970 1095 3011 ex
1111 2969 1143 3012 se

309 3056 592 3138 (quandoquidem
608 3081 674 3123 non
691 3068 769 3123 sunt
786 3082 825 3124 ex
841 3060 918 3122 ullis
935 3059 1176 3138 principiorum

324 3171 526 3249 corporibus
543 3191 682 3252 quorum
699 3177 807 3232 motus
822 3169 971 3232 nouitate
987 3170 1137 3231 laborent

325 3287 383 3343 aut
401 3279 543 3357 aliquem
561 3279 709 3343 fructum
727 3279 862 3357 capiant
880 3277 1064 3341 dulcedinis
1081 3277 1217 3353 almae).

281 3392 406 3453 —haut
422 3389 526 3467 igitur
542 3390 662 3452 debent
678 3409 744 3451 esse
760 3389 830 3451 ullo
845 3388 999 3465 praedita
1013 3408 1119 3450 sensu

343 3499 537 3576 -Denique
554 3498 606 3561 uti
624 3498 750 3576 possint
767 3497 888 3560 sentire
907 3496 1062 3559 animalia
1080 3515 1237 3573 quacquc,

324 3608 499 3688 principiis
514 3608 542 3670 si
558 3607 623 3671 iam
638 3615 686 3670 est
701 3627 815 3669 sensus
830 3606 1027 3669 tribuendus
1043 3626 1164 3682 eorum,

325 3719 415 3797 quid,
430 3738 533 3796 genus
546 3719 728 3780 humanum
744 3715 921 3793 propritim
936 3716 977 3778 de
993 3715 1112 3792 quibus
1127 3718 1314 3778 auctumstl

323 3828 447 3897 scilicet
463 3835 494 3891 et
509 3827 580 3889 risu
595 3827 735 3889 tremulo
752 3845 907 3887 concussa
923 3824 1122 3887 cachinnant

325 3945 357 4001 et
372 3937 517 4001 lacrimis
531 3942 695 4014 spargunt
710 3934 902 3997 rorantibus
917 3953 974 3996 ora
990 3953 1154 4011 genasque

324 4049 493 4124 multaque
509 4047 549 4108 de
566 4066 677 4107 rerum
693 4045 839 4106 mixtura
856 4042 963 4104 dicere
979 4043 1100 4105 callent

828 4212 885 4263 [72]
