3234 4684
588 499 618 547 Τ.
637 497 799 549 arcear!
817 498 906 549 CARI

213 731 275 775 nee
290 711 390 774 simili
406 713 534 776 ratione
549 732 699 791 saporem
716 712 857 801 denique
874 732 1070 790 quemquam

214 842 276 885 nec
292 822 402 900 frigus
416 842 522 900 neque
539 822 617 885 item
634 822 778 885 calidum
793 821 1009 900 tepidumque
1025 840 1192 899 uaporem,

214 938 334 1008 cetera,
351 951 433 1009 quae
449 952 524 994 curn
540 932 588 995 ita
603 938 681 994 sunt
697 939 808 995 tamen
822 906 1030 994 utmortalia
1046 937 1196 993 constent

193 1041 308 1117 (molli
323 1042 423 1118 lenta,
440 1041 574 1120 fragosa
589 1040 693 1120 putri,
710 1061 793 1119 caua
809 1061 945 1119 corpore
961 1040 1069 1118 raro),

133 1200 138 1207 .
213 1151 325 1214 omnia
342 1150 409 1214 sint
426 1172 446 1214 a
463 1151 638 1230 principiis
654 1150 804 1214 seiuncta
819 1157 988 1227 necessest,

212 1259 406 1324 inmortalia
422 1260 450 1323 si
466 1261 618 1323 uolumus
635 1260 833 1338 subiungere
850 1261 948 1324 rebus

212 1368 435 1434 fundamenta
451 1370 571 1448 quibus
585 1370 715 1433 nitatur
731 1391 859 1433 summa
874 1369 1001 1446 salutis,

211 1500 256 1543 ne
274 1479 336 1542 tibi
353 1500 405 1543 res
421 1481 559 1543 redeant
576 1480 618 1543 ad
636 1480 742 1542 nilum
761 1479 916 1543 funditus
934 1499 1054 1542 omnes.

449 1745 500 1795 DE
524 1744 721 1796 INSENSILI
744 1745 904 1795 SENSILE
929 1744 1039 1795 GIGNI

277 1834 374 1896 Nune
390 1854 528 1911 eaquae
544 1835 665 1897 sentire
681 1835 834 1898 uidemus
849 1854 987 1911 cumque
1003 1840 1163 1897 necessest
1241 1850 1245 1857 ·

210 1963 254 2005 ex
270 1942 480 2006 insensilibus
496 1951 606 2007 tamen
622 1943 732 2008 omnia
748 1943 923 2007 confiteare

210 2051 390 2131 principiis
405 2060 564 2116 constare.
601 2074 706 2131 neque
722 2054 757 2116 id
771 2052 961 2116 manufesta
977 2052 1129 2116 refutant

209 2182 274 2225 nec
289 2169 405 2226 contra
419 2170 581 2241 pugnant,
597 2162 632 2224 in
648 2170 807 2241 promptu·
821 2162 952 2240 cognita
967 2169 1153 2239 quaesunt,

209 2272 271 2335 sed
285 2272 390 2350 magis
404 2272 476 2350 ipsa
491 2293 591 2335 manu
607 2273 734 2335 ducunt
749 2279 781 2336 et
797 2273 929 2336 credere
945 2279 1067 2350 cogunt

210 2402 254 2444 ex
269 2381 489 2458 insensilibus,
506 2383 594 2459 quod
609 2382 691 2458 dico,
708 2381 865 2445 animalia
881 2381 983 2460 gigni.

210 2490 339 2570 quippe
356 2491 471 2555 uidere
489 2490 566 2555 licet
583 2491 679 2554 uiuos
698 2491 837 2555 existere
855 2511 984 2554 uermes

210 2607 355 2664 stercore
373 2602 414 2663 de
431 2606 548 2677 taetro,
567 2609 718 2679 putorem
737 2621 811 2664 cum
829 2600 892 2664 sibi
910 2607 1007 2664 nacta
1027 2607 1075 2663 est

211 2710 456 2788 intempestiuis
473 2730 513 2772 ex
530 2711 689 2773 imbribus
705 2709 821 2774 umida
836 2711 944 2774 tellus.

210 2827 386 2898 praeterea
401 2828 536 2884 cunctas
553 2820 667 2884 itidem
683 2841 735 2883 res
751 2826 882 2884 uertere
898 2840 982 2883 sese:

211 2937 353 2993 uertunt
367 2949 400 2992 se
415 2930 511 2992 fluuii
527 2929 663 2992 frondes
678 2938 710 2992 et
726 2931 850 3008 pabula
864 2930 951 2993 laeta

211 3039 249 3101 in
266 3039 416 3117 pecudes,
433 3046 572 3103 uertunt
589 3040 730 3117 pecudes
746 3038 782 3101 in
798 3059 938 3118 corpora
953 3047 1068 3104 nostra

210 3156 378 3226 naturam,
395 3155 428 3211 et
442 3156 556 3228 nostro
570 3150 611 3211 de
627 3168 763 3226 corpore
779 3169 875 3227 saepe
892 3149 1041 3212 ferarum

211 3264 394 3336 augescunt
410 3258 499 3322 uires
516 3265 549 3322 et
566 3278 704 3337 corpora
721 3259 1007 3337 pennipotentum.

160 3387 290 3445 -ergo
307 3387 417 3430 omnes
432 3375 554 3431 natura
570 3368 657 3431 cibos
673 3367 709 3430 in
724 3388 863 3446 corpora
878 3369 960 3431 uiua

210 3477 316 3540 uertit
333 3482 365 3540 et
381 3477 458 3540 hinc
476 3497 589 3540 sensus
606 3478 812 3541 animantum
831 3485 983 3556 procreat
1000 3498 1119 3555 omneS,

210 3606 279 3649 non
297 3586 362 3650 alia
379 3586 474 3664 longe
490 3587 618 3649 ratione
636 3595 735 3664 atque
752 3587 847 3651 arida
864 3586 955 3665 ligna

211 3696 356 3774 explicat
372 3695 408 3757 in
424 3696 572 3759 flammas
589 3704 621 3759 et
644 3697 753 3768 <in>
776 3697 862 3774 ignis
879 3696 988 3760 omnia
1004 3704 1126 3760 uersat.

162 3805 320 3868 -iamne
334 3805 430 3868 uides
444 3805 548 3883 igitur
563 3805 675 3884 magni
691 3805 874 3884 primordia
888 3827 1000 3868 rerum

212 3914 339 3978 referre
354 3915 389 3976 in
404 3914 495 3992 quali
510 3914 577 3978 sint
592 3915 707 3979 ordine
722 3936 869 3992 quaeque
884 3916 991 3979 locata

212 4030 246 4086 et
262 4024 436 4087 commixta
451 4023 570 4102 quibus
586 4025 665 4087 dent
680 4031 789 4087 motus
805 4023 1055 4102 accipiantque?

233 4133 360 4195 -Tum
376 4153 477 4212 porro
492 4133 572 4210 quid
588 4133 623 4195 id
640 4140 688 4196 est
705 4133 851 4197 animum
868 4133 955 4209 quod
972 4132 1117 4211 percutit
1133 4133 1251 4211 ipsum,

716 4271 773 4323 [69]
