3234 4686
622 443 673 492 DE
691 443 823 492 RERVM
841 442 995 492 NATVRA
1018 442 1058 492 1⁷1

330 677 346 719 e
362 657 493 735 regione
509 678 547 721 ea
563 659 649 735 quod
666 659 736 722 loca
752 679 826 721 cunr
842 679 961 721 uenere
977 659 1137 734 uolantes,

330 767 459 845 remigii
476 767 595 831 oblitae
612 789 797 846 pennarum
813 770 888 832 uela
905 768 1081 831 remittunt

330 877 592 956 praecipitesque
609 879 733 941 cadunt
749 878 840 940 molli
857 877 984 942 ceruice
1001 877 1158 956 profusae

329 987 365 1049 in
380 994 514 1063 terram,
530 988 558 1050 si
573 987 661 1051 forte
673 974 725 1051 ita
741 988 808 1051 fert
824 995 947 1051 natura
962 989 1117 1066 locorum,

329 1105 388 1161 aut
404 1098 440 1158 in
456 1118 585 1175 aquam,
602 1097 630 1160 si
647 1097 734 1162 forte
751 1099 842 1160 lacus
858 1099 1046 1161 substratus
1062 1097 1200 1160 Auerni.

349 1293 426 1355 —Is
442 1293 532 1355 locus
548 1230 597 1356 est
614 1293 734 1355 Cumas
750 1298 843 1370 aput,
861 1292 930 1355 acri
946 1292 1083 1369 sulpure
1098 1291 1219 1354 montis

330 1401 456 1480 oppleti
473 1402 588 1465 calidis
606 1401 663 1465 ubi
681 1402 814 1465 fumant
831 1401 982 1464 fontibus
999 1401 1106 1477 aucti;

340 1508 525 1559 CORNICES
544 1508 714 1558 ATHENIS
734 1508 786 1557 AD
806 1508 942 1558 AEDEM
962 1508 1168 1558 MINERVAE
1188 1507 1270 1558 NON
1289 1508 1382 1559 ESSE

331 1604 378 1660 est
393 1604 426 1660 et
439 1598 619 1660 Athenaeis
633 1597 668 1659 in
683 1597 862 1673 moenibus,
878 1597 963 1660 arcis
977 1597 1013 1658 in
1028 1597 1100 1674 ipso

329 1707 463 1783 uertice,
479 1707 626 1770 Palladis
640 1708 682 1770 ad
698 1708 859 1785 templum
875 1707 1057 1769 Tritonidis
1071 1708 1185 1782 almae,

329 1837 395 1895 quo
411 1838 591 1894 numquam
610 1817 728 1894 pennis
745 1818 920 1895 appellunt
938 1836 1076 1894 corpora
1094 1837 1213 1879 raucae

329 1927 483 2003 cornices,
500 1947 566 1988 non
582 1948 656 1990 cum
672 1926 805 1989 fumant
823 1926 943 2002 altaria
959 1926 1070 1988 donis:

286 2058 432 2114 —nsque
451 2038 533 2100 adeo
549 2036 699 2114 fugitant
717 2057 784 2099 non
802 2037 869 2099 iras
887 2035 1035 2098 Palladis
1052 2036 1138 2099 acris

330 2147 486 2225 peruigili
503 2167 610 2223 causa,
630 2146 766 2210 Graium
783 2153 822 2209 ut
837 2146 982 2209 cecinere
999 2153 1123 2223 poetae,

329 2258 386 2320 sed
402 2264 525 2320 natura
540 2256 603 2320 loci
620 2277 702 2334 opus
719 2256 815 2319 efficit
832 2256 905 2334 ipsa
922 2263 1048 2333 suapte.

628 2364 672 2413 IN
693 2363 808 2413 SYRIA
829 2362 1089 2427 QVADRIPIDES

328 2453 364 2515 in
382 2453 470 2516 Siria
486 2473 614 2530 qnoque
631 2452 741 2515 fertur
758 2452 836 2514 item
853 2453 943 2513 locus
960 2471 1026 2515 esse
1042 2450 1160 2528 uideri,

329 2564 549 2641 quadripedes
566 2582 693 2639 quoque
710 2581 774 2638 quo
790 2561 888 2623 simul
904 2582 941 2624 ac
958 2560 1099 2638 uestigia
1116 2560 1262 2639 primum

329 2673 515 2749 intulerint,
532 2673 681 2750 grauiter
696 2671 749 2734 uis
765 2678 860 2748 cogat
877 2670 1047 2733 concidere
1063 2670 1145 2748 ipsa,

328 2783 480 2846 manibus
496 2789 534 2845 ut
550 2782 578 2844 si
593 2782 660 2844 sint
676 2781 764 2843 diuis
780 2788 923 2844 mactata
939 2787 1084 2857 repente.

234 3024 237 3030 «
330 2977 449 3042 Omnia
466 2998 549 3055 quae
567 2976 715 3039 naturali
732 2976 860 3039 ratione
878 2982 1050 3054 geruntur,

330 3095 361 3150 11
378 3088 498 3165 quibus
512 3107 528 3148 e
544 3087 626 3150 fiant
642 3086 749 3149 causis
764 3092 904 3163 apparet
921 3085 1029 3162 origo;

330 3198 431 3260 ianua
446 3218 486 3259 ne
503 3197 590 3259 forte
606 3197 658 3258 his
674 3195 752 3259 Oroi
769 3195 958 3273 regionibus
974 3215 1041 3257 esse

329 3308 493 3383 credatur,
513 3306 682 3384 posthinc
701 3305 828 3368 animas
846 3305 1048 3368 Acheruntis
1066 3305 1101 3366 in
1121 3324 1194 3367 oras

331 3418 448 3480 ducere
465 3416 552 3480 forte
567 3416 645 3478 deos
659 3414 766 3477 manis
782 3414 913 3477 inferne
929 3434 1072 3491 reamur,

329 3526 467 3590 naribus
482 3525 626 3604 alipedes
641 3531 679 3587 ut
695 3523 785 3587 cerui
800 3544 896 3602 saepe
912 3529 1076 3600 putantur

330 3638 449 3700 ducere
464 3635 505 3696 de
520 3634 656 3698 latebris
672 3633 839 3711 serpentia
854 3633 960 3695 saecla
976 3631 1135 3695 ferarum.

287 3747 418 3825 -quod
435 3745 551 3823 procul
568 3765 587 3807 a
603 3764 684 3806 uera
702 3764 800 3820 qnam
817 3743 859 3805 sit
876 3741 1004 3806 ratione
1022 3743 1191 3820 repulsum

342 3878 391 3926 743
402 3875 520 3942 remigio
555 3875 627 3936 vulp.
645 3873 746 3940 remigi

341 3946 473 4004 74611111.
489 3943 626 3993 Avernist

341 4013 470 4074 7551111.
486 4010 563 4076 prius

341 4081 391 4131 762
401 4078 494 4146 poteis
528 4079 596 4140 sort.
612 4077 694 4128 nobis
