3234 4684
614 468 666 518 DE
684 467 816 518 RERVM
834 468 989 518 NATVRA
1009 469 1042 518 11

377 766 441 830 Sed
456 787 497 829 ne
513 767 601 831 forte
617 776 714 847 putes
728 768 885 832 animalia
900 769 968 832 sola
984 768 1091 832 teneri

313 876 441 955 legibus
453 877 514 954 his,
529 879 691 955 quaedam
704 869 795 941 ratio
805 878 1016 941 disterminat
1030 878 1151 955 omnis3

313 1005 390 1048 uam
404 985 511 1048 ueluti
524 994 595 1050 tota
609 993 731 1050 natura
746 986 921 1049 dissimiles
935 994 1013 1049 sunt

314 1094 402 1158 inter
417 1115 450 1158 se
466 1095 596 1173 genitae
611 1116 663 1159 res
679 1116 837 1173 quaeque,
854 1096 901 1159 ita
917 1116 1081 1174 quamque
1096 1101 1256 1159 necessest

313 1204 465 1267 dissimili
482 1212 631 1268 constare
647 1204 756 1283 figura
771 1204 1030 1284 principiorum,

298 1315 381 1390 (non
396 1333 462 1391 quo
475 1314 581 1378 multa
596 1335 715 1393 parum
731 1315 831 1377 simili
845 1314 913 1377 sint
929 1314 1081 1394 praedita
1098 1314 1216 1392 forma,

313 1425 370 1486 sed
385 1423 465 1501 quia
478 1443 544 1487 non
559 1424 656 1502 uolgo
672 1424 768 1503 paria
784 1424 935 1488 omnibus
950 1424 1059 1488 omnia
1074 1424 1258 1501 constant).

269 1532 439 1597 —semina
454 1554 528 1597 curn
544 1553 645 1612 porro
659 1533 794 1611 distent,
811 1534 947 1597 differre
963 1540 1129 1597 necessust

314 1643 492 1706 interualla
508 1642 583 1706 uias
598 1663 740 1706 conexus
756 1639 903 1722 pondera
920 1643 1036 1722 plagas

313 1772 491 1815 concursus
506 1760 624 1829 motus,
641 1773 725 1830 quae
740 1772 806 1816 non
823 1752 980 1816 animalia
995 1752 1100 1815 solum

314 1882 453 1941 corpora
467 1861 656 1940 seiungunt,
673 1863 729 1925 sed
746 1869 852 1925 terras
868 1882 905 1925 ac
920 1882 1011 1924 mare
1026 1868 1133 1925 totum

314 1979 489 2035 secernunt
504 1972 694 2049 caelumque
709 1992 729 2035 a
744 1971 842 2034 terris
858 1991 952 2034 omne
967 1977 1146 2034 retentant.

341 2330 422 2381 NON
440 2331 675 2383 NECESSARIO
694 2331 798 2380 ALBA
815 2331 868 2381 EX
886 2331 999 2381 ALBIS
1018 2329 1223 2381 PRINCIPIIS
1241 2330 1348 2380 FIERI

356 2420 453 2482 Nunc
468 2440 527 2498 age
542 2420 633 2483 diota
646 2440 718 2483 meo
731 2420 822 2483 dulci
837 2419 987 2498 quaesita
1000 2420 1111 2482 labore
1308 2456 1311 2461 -
1365 2494 1370 2505 ι
1423 2417 1477 2467 730

314 2528 456 2608 percipe,
473 2550 514 2593 ne
530 2529 618 2592 forte
633 2530 713 2593 haec
730 2529 813 2593 albis
830 2550 869 2592 ex
885 2529 958 2593 alba
975 2528 1079 2591 rearis
1103 2549 1106 2556 ¹
1213 2578 1218 2594 .

315 2638 490 2718 principiis
505 2659 582 2715 esse,
598 2645 674 2701 ante
690 2638 799 2701 oculos
815 2658 898 2716 quae
914 2637 1056 2701 candida
1072 2637 1188 2713 cernis,

315 2755 374 2812 aut
388 2769 426 2812 ea
441 2768 524 2825 quae
539 2747 676 2825 nigrant
690 2746 788 2825 nigro
802 2749 842 2811 de
858 2747 979 2811 semine
995 2754 1092 2824 nata3

313 2857 391 2920 niue
407 2857 509 2921 alium
523 2856 673 2935 quemuis
689 2877 772 2935 quae
788 2863 867 2919 sunt
883 2856 1001 2919 inbuta
1015 2856 1164 2933 colorem,

315 2974 493 3045 propterea
507 2988 620 3045 gerere
635 2968 724 3029 hunc
740 2967 864 3042 credas,
881 2966 968 3043 quod
984 2965 1136 3028 materiai

314 3096 454 3154 corpora
471 3075 632 3139 consimili
651 3076 718 3138 sint
737 3075 807 3139 eius
824 3075 930 3138 tincta
948 3075 1063 3137 colore.

314 3187 426 3249 sullus
441 3186 527 3249 enim
542 3187 630 3249 color
646 3192 694 3249 est
710 3184 843 3248 omnino
856 3184 1008 3248 materiai

315 3295 516 3373 corporibus,
532 3315 637 3372 neque
653 3315 715 3374 par
730 3296 827 3357 rebus
842 3313 947 3371 neque
963 3293 1104 3370 denique
1120 3293 1244 3371 dispar.

315 3408 350 3467 in
367 3426 450 3483 quae
465 3424 605 3483 corpora
620 3404 647 3466 si
663 3405 776 3466 nullus
791 3403 854 3466 tibi
870 3403 958 3466 forte
974 3402 1110 3465 uidetur
1145 3446 1148 3449 -

315 3535 408 3593 posse
423 3514 525 3577 animi
539 3514 679 3577 iniectus
693 3513 774 3589 fieri,
791 3513 907 3591 procul
922 3511 1018 3576 auius
1033 3532 1133 3574 erras.

315 3645 392 3687 narn
407 3644 481 3687 oum
497 3623 670 3701 caecigeni
686 3622 763 3685 solis
778 3622 835 3699 qui
850 3621 977 3684 lumina
992 3641 1173 3697 numquam

315 3735 500 3811 despexere,
519 3716 632 3796 tamen
650 3738 847 3811 cognoscant
866 3750 1006 3808 corpora
1023 3736 1126 3806 tactu,

315 3843 398 3906 scire
413 3842 489 3906 licet
504 3849 636 3905 nostrae
651 3862 780 3919 quoque
795 3839 898 3903 menti
914 3858 1054 3917 corpora
1069 3859 1162 3917 posse

313 3952 403 4015 uorti
419 3952 454 4013 in
471 3951 624 4014 notitiam
640 3952 733 4014 nullo
749 3949 935 4013 circumlita
952 3948 1039 4011 fuco.

326 4083 376 4132 719
386 4081 436 4131 alit
449 4082 506 4132 olio

327 4174 377 4224 742
387 4173 460 4234 vulp.
476 4173 617 4238 dispexere
820 4240 877 4291 [64]
