3234 4684
693 441 724 489 Τ.
743 440 905 491 LVORETI
923 441 1012 492 canl

323 673 422 730 quam
438 673 554 717 rursus
570 654 678 731 refici3
695 662 899 734 quapropter
915 657 1014 734 longa
1031 657 1097 719 diei

322 762 454 826 infinita
472 770 562 827 aetas
580 765 724 828 anteacti
742 766 900 843 temporis
917 767 1022 829 omnis
1090 796 1094 803 ·
1129 748 1131 752 ¹

322 874 410 950 quod
429 872 583 951 fregisset
601 875 708 937 adhuc
727 875 919 939 disturbans
935 876 1191 955 dissoluensque,

321 1003 503 1060 numquam
521 984 646 1047 relicuo
664 985 816 1062 reparari
835 993 982 1063 ternpore
1002 995 1119 1064 posset.

280 1099 358 1155 -at
374 1113 463 1156 nunc
479 1093 638 1156 nimirum
654 1093 834 1172 frangendi
851 1096 983 1159 reddita
999 1096 1075 1158 finis

322 1210 413 1265 certa
428 1210 549 1280 manet,
566 1204 721 1280 quoniam
737 1205 827 1267 refici
844 1226 913 1268 rem
929 1226 1092 1283 quamque
1107 1206 1259 1269 uidemus

322 1320 354 1375 et
371 1311 467 1376 finita
483 1312 581 1375 simul
598 1314 780 1391 generatim
796 1323 946 1392 tempora
963 1317 1060 1378 rebus

322 1429 419 1499 stare,
438 1423 559 1499 quibus
575 1424 703 1500 possint
720 1424 794 1487 aeui
811 1422 1001 1502 contingere
1019 1426 1141 1489 florem.

421 1528 471 1578 DE
491 1528 613 1578 MOLLI
632 1530 791 1580 NATVRA
810 1531 915 1596 AQVA
935 1532 1037 1581 AERE
1057 1532 1104 1582 ET
1125 1532 1282 1583 CETERIS

340 1617 461 1679 —Huc
480 1618 606 1681 accedit
623 1618 683 1695 uti,
702 1618 898 1683 solidissima
916 1620 1069 1683 materiai
1108 1654 1113 1665 ·

322 1746 461 1804 corpora
478 1748 553 1789 cum
570 1735 732 1805 constant,
750 1729 877 1806 possint
895 1736 1005 1792 tamen
1023 1730 1132 1794 omnia
1150 1730 1246 1793 reddi

322 1836 434 1899 mollia
450 1857 533 1913 quae
548 1836 644 1914 fiunt,
661 1858 717 1901 aer
734 1859 821 1915 aqua
836 1846 927 1902 terra
942 1859 1091 1918 uapores,

322 1966 388 2023 quo
402 1954 500 2023 pacto
512 1946 604 2023 fiant,
620 1954 652 2010 et
667 1968 732 2025 qua
747 1948 783 2011 ui
798 1968 946 2026 quaeque
961 1957 1131 2027 gerantur,

323 2055 508 2118 admixtum
523 2056 678 2133 quoniam
694 2059 792 2119 semel
807 2065 856 2120 est
871 2058 906 2120 in
922 2060 1020 2121 rebus
1036 2059 1151 2137 inane;

323 2173 358 2228 ot
374 2172 491 2228 contra
506 2165 534 2227 si
549 2167 660 2230 mollia
676 2167 743 2229 sint
761 2167 943 2245 primordia
960 2190 1081 2244 rerum,

321 2275 410 2336 unde
428 2281 551 2351 queant
569 2275 675 2337 ualidi
693 2276 800 2338 silices
817 2275 1009 2354 ferrumque
1028 2278 1134 2340 creari

322 2404 388 2445 non
407 2384 530 2462 poterit
547 2385 634 2448 ratio
650 2385 764 2462 reddi;
782 2407 859 2448 nam
876 2386 1032 2449 funditus
1049 2387 1154 2450 omnis

322 2493 489 2571 principio
506 2494 717 2557 fundamenti
734 2503 858 2558 natura
874 2496 1008 2559 carebit.

279 2610 400 2666 —sunt
418 2603 522 2682 igitur
540 2605 645 2667 solida
662 2605 821 2682 pollentia
839 2606 1050 2683 simplicitate

322 2732 462 2791 quorum
479 2715 642 2776 condenso
658 2715 763 2792 magis
781 2715 891 2778 omnia
908 2715 1085 2778 conciliatu

323 2823 428 2885 artari
445 2830 584 2901 possunt
600 2824 795 2901 ualidasque
813 2825 983 2888 ostendere
1000 2825 1093 2887 uiris.

279 2952 423 3010 -porro
437 2933 465 2994 si
479 2934 604 2996 nullast
620 2933 816 3011 frangendis
832 2934 963 2997 reddita
979 2933 1055 2997 finis

322 3043 523 3119 corporibus,
541 3049 651 3105 tamen
669 3064 708 3105 ex
726 3051 860 3106 aeterno
876 3050 1023 3121 tempore
1041 3064 1188 3121 quaeque

321 3173 410 3214 nunc
430 3152 529 3215 etiam
547 3172 705 3231 superare
724 3160 883 3216 necessest
903 3174 1041 3232 corpora
1061 3155 1168 3230 rebus,

322 3281 405 3339 quae
423 3263 571 3324 nondum
589 3264 721 3325 clueant
739 3264 808 3325 ullo
826 3270 988 3340 temptata
1008 3263 1140 3341 periclo.

322 3378 357 3435 ct
374 3372 529 3449 quoniam
544 3372 660 3450 fragili
676 3380 798 3435 natura
815 3372 968 3450 praedita
985 3379 1147 3449 constant,

322 3482 488 3559 discrepat
506 3488 676 3544 aeternum
694 3489 825 3560 tempus
842 3481 986 3558 potuisse
1003 3503 1135 3545 manere

322 3591 618 3654 innumerabilibus
637 3591 745 3669 plagis
761 3597 882 3654 uexata
900 3611 960 3668 per
979 3611 1102 3654 aeuom.

279 3701 462 3778 —denique
479 3701 545 3764 iam
562 3701 716 3778 quoniam
735 3701 916 3778 generatim
933 3701 1065 3764 reddita
1082 3700 1157 3762 finis

322 3811 488 3874 crescendi
504 3812 601 3874 rebus
617 3817 745 3874 constat
760 3811 930 3887 uitamque
946 3810 1091 3887 tenendi,

322 3926 354 3983 et
372 3921 454 3998 quid
471 3940 618 3997 quaeque
636 3928 759 3997 queant
776 3940 836 3997 per
854 3920 988 3982 foedera
1006 3919 1150 3997 naturai,

333 4053 382 4101 561
394 4052 461 4113 fort.
478 4051 648 4117 frangendis

332 4120 383 4170 585
394 4120 554 4170 crescendis

825 4218 882 4270 [20]
