<?xml version="1.0" encoding="UTF-8"?>
<!DOCTYPE html PUBLIC "-//W3C//DTD XHTML 1.0 Transitional//EN"
    "http://www.w3.org/TR/xhtml1/DTD/xhtml1-transitional.dtd">
<html xmlns="http://www.w3.org/1999/xhtml" xml:lang="en" lang="en">
 <head>
  <title>
</title>
<meta http-equiv="Content-Type" content="text/html;charset=utf-8" />
  <meta name='ocr-system' content='tesseract 3.04.00' />
  <meta name='ocr-capabilities' content='ocr_page ocr_carea ocr_par ocr_line ocrx_word'/>
</head>
<body>
  <div class='ocr_page' id='page_1' title='image "./lvcretiderervmn00merrgoog_0110.png"; bbox 0 0 3190 4682; ppageno 0'>
   <div class='ocr_carea' id='block_1_1' title="bbox 490 439 808 490">
    <p class='ocr_par' dir='ltr' id='par_1_1' title="bbox 490 439 808 490">
     <span class='ocr_line' id='line_1_1' title="bbox 490 439 808 490; baseline 0 -2"><span class='ocrx_word' id='word_1_1' title='bbox 490 440 520 488; x_wconf 85' lang='lat' dir='ltr'><strong>T.</strong></span> <span class='ocrx_word' id='word_1_2' title='bbox 539 439 702 489; x_wconf 80' lang='lat' dir='ltr'><strong><em>LVGRETI</em></strong></span> <span class='ocrx_word' id='word_1_3' title='bbox 720 439 808 490; x_wconf 82' lang='lat' dir='ltr'><em>CARI</em></span> 
     </span>
    </p>
   </div>
   <div class='ocr_carea' id='block_1_2' title="bbox 64 653 1120 4025">
    <p class='ocr_par' dir='ltr' id='par_1_2' title="bbox 64 653 1120 4025">
     <span class='ocr_line' id='line_1_2' title="bbox 64 653 1073 734; baseline -0.006 -14"><span class='ocrx_word' id='word_1_4' title='bbox 64 665 146 720; x_wconf 88' lang='lat' dir='ltr'><strong>-at</strong></span> <span class='ocrx_word' id='word_1_5' title='bbox 163 677 394 734; x_wconf 88' lang='lat' dir='ltr'><strong>quaecumque</strong></span> <span class='ocrx_word' id='word_1_6' title='bbox 411 662 537 734; x_wconf 91' lang='lat' dir='ltr'><strong>queunt</strong></span> <span class='ocrx_word' id='word_1_7' title='bbox 553 656 746 719; x_wconf 87' lang='lat' dir='ltr'><strong>conturbari</strong></span> <span class='ocrx_word' id='word_1_8' title='bbox 761 656 861 733; x_wconf 91' lang='lat' dir='ltr'><strong>inque</strong></span> <span class='ocrx_word' id='word_1_9' title='bbox 876 653 995 732; x_wconf 92' lang='lat' dir='ltr'><strong>pediri,</strong></span> <span class='ocrx_word' id='word_1_10' title='bbox 1070 682 1073 685; x_wconf 94' lang='lat'>·</span> 
     </span>
     <span class='ocr_line' id='line_1_3' title="bbox 108 765 802 845; baseline -0.003 -17"><span class='ocrx_word' id='word_1_11' title='bbox 108 766 318 845; x_wconf 88' lang='lat' dir='ltr'><strong>significant,</strong></span> <span class='ocrx_word' id='word_1_12' title='bbox 334 768 434 845; x_wconf 93' lang='lat' dir='ltr'><strong>paulo</strong></span> <span class='ocrx_word' id='word_1_13' title='bbox 448 767 476 829; x_wconf 93' lang='lat' dir='ltr'><strong>si</strong></span> <span class='ocrx_word' id='word_1_14' title='bbox 493 766 608 829; x_wconf 90' lang='lat' dir='ltr'><strong>durior</strong></span> <span class='ocrx_word' id='word_1_15' title='bbox 623 765 802 828; x_wconf 90' lang='lat' dir='ltr'><strong>insinuarit</strong></span> 
     </span>
     <span class='ocr_line' id='line_1_4' title="bbox 107 875 919 954; baseline -0.002 -15"><span class='ocrx_word' id='word_1_16' title='bbox 107 897 227 954; x_wconf 85' lang='lat' dir='ltr'><strong>causa,</strong></span> <span class='ocrx_word' id='word_1_17' title='bbox 241 876 317 939; x_wconf 84' lang='lat' dir='ltr'><strong>&#39;fore</strong></span> <span class='ocrx_word' id='word_1_18' title='bbox 333 884 372 940; x_wconf 93' lang='lat' dir='ltr'><strong>ut</strong></span> <span class='ocrx_word' id='word_1_19' title='bbox 389 883 527 954; x_wconf 91' lang='lat' dir='ltr'><strong>pereant</strong></span> <span class='ocrx_word' id='word_1_20' title='bbox 543 897 625 940; x_wconf 90' lang='lat' dir='ltr'><strong>aeuo</strong></span> <span class='ocrx_word' id='word_1_21' title='bbox 640 875 775 954; x_wconf 91' lang='lat' dir='ltr'><strong>priuata</strong></span> <span class='ocrx_word' id='word_1_22' title='bbox 792 875 919 938; x_wconf 81' lang='lat' dir='ltr'><strong>futuro.</strong></span> 
     </span>
     <span class='ocr_line' id='line_1_5' title="bbox 179 986 1080 1065; baseline -0.003 -16"><span class='ocrx_word' id='word_1_23' title='bbox 179 986 388 1065; x_wconf 81' lang='lat' dir='ltr'><strong>Quinetiam</strong></span> <span class='ocrx_word' id='word_1_24' title='bbox 405 987 515 1050; x_wconf 89' lang='lat' dir='ltr'><strong>subito</strong></span> <span class='ocrx_word' id='word_1_25' title='bbox 530 987 565 1048; x_wconf 96' lang='lat' dir='ltr'><strong>ui</strong></span> <span class='ocrx_word' id='word_1_26' title='bbox 581 986 686 1048; x_wconf 83' lang='lat' dir='ltr'><strong>morbi</strong></span> <span class='ocrx_word' id='word_1_27' title='bbox 703 1005 799 1063; x_wconf 85' lang='lat' dir='ltr'>saepe</span> <span class='ocrx_word' id='word_1_28' title='bbox 816 990 947 1047; x_wconf 90' lang='lat' dir='ltr'><strong>coactus</strong></span> <span class='ocrx_word' id='word_1_29' title='bbox 1024 1012 1026 1016; x_wconf 94' lang='lat'>·</span> <span class='ocrx_word' id='word_1_30' title='bbox 1078 992 1080 995; x_wconf 83' lang='lat'>&#39;</span> 
     </span>
     <span class='ocr_line' id='line_1_6' title="bbox 109 1095 928 1174; baseline -0.004 -14"><span class='ocrx_word' id='word_1_31' title='bbox 109 1104 193 1160; x_wconf 86' lang='lat' dir='ltr'><strong>ante</strong></span> <span class='ocrx_word' id='word_1_32' title='bbox 211 1098 322 1159; x_wconf 88' lang='lat' dir='ltr'><strong>oculos</strong></span> <span class='ocrx_word' id='word_1_33' title='bbox 338 1095 458 1174; x_wconf 91' lang='lat' dir='ltr'><strong>aliquis</strong></span> <span class='ocrx_word' id='word_1_34' title='bbox 473 1104 611 1172; x_wconf 89' lang='lat' dir='ltr'><strong>nostros,</strong></span> <span class='ocrx_word' id='word_1_35' title='bbox 627 1103 665 1159; x_wconf 95' lang='lat' dir='ltr'><strong>ut</strong></span> <span class='ocrx_word' id='word_1_36' title='bbox 682 1095 834 1157; x_wconf 78' lang='lat' dir='ltr'><strong>fulminis</strong></span> <span class='ocrx_word' id='word_1_37' title='bbox 849 1095 928 1171; x_wconf 90' lang='lat' dir='ltr'><strong>ictu,</strong></span> 
     </span>
     <span class='ocr_line' id='line_1_7' title="bbox 109 1205 999 1284; baseline -0.002 -15"><span class='ocrx_word' id='word_1_38' title='bbox 109 1206 264 1270; x_wconf 74' lang='lat' dir='ltr'><strong>concidit</strong></span> <span class='ocrx_word' id='word_1_39' title='bbox 280 1213 312 1270; x_wconf 92' lang='lat' dir='ltr'><strong>et</strong></span> <span class='ocrx_word' id='word_1_40' title='bbox 326 1226 460 1284; x_wconf 81' lang='lat' dir='ltr'>spumas</span> <span class='ocrx_word' id='word_1_41' title='bbox 475 1206 554 1284; x_wconf 86' lang='lat' dir='ltr'><strong>agit,</strong></span> <span class='ocrx_word' id='word_1_42' title='bbox 569 1206 707 1283; x_wconf 83' lang='lat' dir='ltr'><strong>ingemit</strong></span> <span class='ocrx_word' id='word_1_43' title='bbox 722 1205 882 1268; x_wconf 84' lang='lat' dir='ltr'><strong>attremit</strong></span> <span class='ocrx_word' id='word_1_44' title='bbox 897 1210 999 1281; x_wconf 87' lang='lat' dir='ltr'><strong>artus,</strong></span> 
     </span>
     <span class='ocr_line' id='line_1_8' title="bbox 110 1315 915 1395; baseline -0.004 -16"><span class='ocrx_word' id='word_1_45' title='bbox 110 1317 253 1395; x_wconf 79' lang='lat' dir='ltr'><strong>desipit,</strong></span> <span class='ocrx_word' id='word_1_46' title='bbox 271 1322 419 1380; x_wconf 82' lang='lat' dir='ltr'><strong>extentat</strong></span> <span class='ocrx_word' id='word_1_47' title='bbox 434 1336 562 1391; x_wconf 91' lang='lat' dir='ltr'><strong>neruos,</strong></span> <span class='ocrx_word' id='word_1_48' title='bbox 580 1322 764 1393; x_wconf 85' lang='lat' dir='ltr'><strong>torquetur,</strong></span> <span class='ocrx_word' id='word_1_49' title='bbox 782 1315 915 1378; x_wconf 91' lang='lat' dir='ltr'><strong>anhelat</strong></span> 
     </span>
     <span class='ocr_line' id='line_1_9' title="bbox 110 1424 929 1502; baseline -0.001 -15"><span class='ocrx_word' id='word_1_50' title='bbox 110 1426 355 1502; x_wconf 79' lang='lat' dir='ltr'><strong>inconstanter,</strong></span> <span class='ocrx_word' id='word_1_51' title='bbox 371 1433 404 1489; x_wconf 93' lang='lat' dir='ltr'><strong>et</strong></span> <span class='ocrx_word' id='word_1_52' title='bbox 419 1426 454 1487; x_wconf 92' lang='lat' dir='ltr'><strong>in</strong></span> <span class='ocrx_word' id='word_1_53' title='bbox 469 1426 622 1488; x_wconf 87' lang='lat' dir='ltr'><strong>iactando</strong></span> <span class='ocrx_word' id='word_1_54' title='bbox 636 1427 782 1488; x_wconf 90' lang='lat' dir='ltr'><strong>membra</strong></span> <span class='ocrx_word' id='word_1_55' title='bbox 796 1424 929 1501; x_wconf 82' lang='lat' dir='ltr'><strong>fatigat.</strong></span> 
     </span>
     <span class='ocr_line' id='line_1_10' title="bbox 112 1535 939 1613; baseline -0.002 -16"><span class='ocrx_word' id='word_1_56' title='bbox 112 1536 279 1599; x_wconf 83' lang='lat' dir='ltr'><strong>nimirum</strong></span> <span class='ocrx_word' id='word_1_57' title='bbox 295 1536 372 1613; x_wconf 90' lang='lat' dir='ltr'><strong>quia</strong></span> <span class='ocrx_word' id='word_1_58' title='bbox 387 1536 439 1598; x_wconf 89' lang='lat' dir='ltr'><strong>uis</strong></span> <span class='ocrx_word' id='word_1_59' title='bbox 454 1535 569 1611; x_wconf 90' lang='lat' dir='ltr'><strong>morbi,</strong></span> <span class='ocrx_word' id='word_1_60' title='bbox 586 1535 746 1597; x_wconf 87' lang='lat' dir='ltr'><strong>distracta</strong></span> <span class='ocrx_word' id='word_1_61' title='bbox 761 1554 820 1612; x_wconf 92' lang='lat' dir='ltr'><strong>per</strong></span> <span class='ocrx_word' id='word_1_62' title='bbox 836 1540 939 1610; x_wconf 92' lang='lat' dir='ltr'><strong>artus,</strong></span> 
     </span>
     <span class='ocr_line' id='line_1_11' title="bbox 111 1643 1120 1723; baseline -0.003 -15"><span class='ocrx_word' id='word_1_63' title='bbox 111 1648 234 1709; x_wconf 87' lang='lat' dir='ltr'><strong>turbat</strong></span> <span class='ocrx_word' id='word_1_64' title='bbox 252 1666 351 1723; x_wconf 92' lang='lat' dir='ltr'><strong>agens</strong></span> <span class='ocrx_word' id='word_1_65' title='bbox 367 1646 511 1708; x_wconf 89' lang='lat' dir='ltr'><strong>animam</strong></span> <span class='ocrx_word' id='word_1_66' title='bbox 528 1665 670 1723; x_wconf 86' lang='lat' dir='ltr'><strong>spumas,</strong></span> <span class='ocrx_word' id='word_1_67' title='bbox 693 1650 804 1716; x_wconf 92' lang='lat' dir='ltr'><strong>&lt;ut&gt;</strong></span> <span class='ocrx_word' id='word_1_68' title='bbox 826 1644 861 1705; x_wconf 92' lang='lat' dir='ltr'><strong>in</strong></span> <span class='ocrx_word' id='word_1_69' title='bbox 879 1662 1018 1720; x_wconf 91' lang='lat' dir='ltr'><strong>aequore</strong></span> <span class='ocrx_word' id='word_1_70' title='bbox 1035 1643 1120 1705; x_wconf 91' lang='lat' dir='ltr'><strong>salso</strong></span> 
     </span>
     <span class='ocr_line' id='line_1_12' title="bbox 112 1753 923 1818; baseline -0.002 -1"><span class='ocrx_word' id='word_1_71' title='bbox 112 1763 297 1818; x_wconf 88' lang='lat' dir='ltr'><strong>uentorum</strong></span> <span class='ocrx_word' id='word_1_72' title='bbox 313 1755 436 1818; x_wconf 91' lang='lat' dir='ltr'><strong>ualidis</strong></span> <span class='ocrx_word' id='word_1_73' title='bbox 452 1754 644 1817; x_wconf 79' lang='lat' dir='ltr'><strong>feruescunt</strong></span> <span class='ocrx_word' id='word_1_74' title='bbox 660 1753 789 1816; x_wconf 92' lang='lat' dir='ltr'><strong>uiribus</strong></span> <span class='ocrx_word' id='word_1_75' title='bbox 804 1754 923 1816; x_wconf 91' lang='lat' dir='ltr'><strong>undae.</strong></span> 
     </span>
     <span class='ocr_line' id='line_1_13' title="bbox 114 1864 973 1943; baseline -0.003 -15"><span class='ocrx_word' id='word_1_76' title='bbox 114 1864 320 1943; x_wconf 84' lang='lat' dir='ltr'><strong>exprimitur</strong></span> <span class='ocrx_word' id='word_1_77' title='bbox 335 1885 434 1942; x_wconf 92' lang='lat' dir='ltr'><strong>porro</strong></span> <span class='ocrx_word' id='word_1_78' title='bbox 447 1864 597 1942; x_wconf 83' lang='lat' dir='ltr'><strong>gemitus,</strong></span> <span class='ocrx_word' id='word_1_79' title='bbox 612 1864 690 1941; x_wconf 90' lang='lat' dir='ltr'><strong>quia</strong></span> <span class='ocrx_word' id='word_1_80' title='bbox 702 1864 848 1926; x_wconf 90' lang='lat' dir='ltr'><strong>membra</strong></span> <span class='ocrx_word' id='word_1_81' title='bbox 863 1864 973 1926; x_wconf 90' lang='lat' dir='ltr'><strong>dolore</strong></span> 
     </span>
     <span class='ocr_line' id='line_1_14' title="bbox 115 1972 867 2051; baseline -0.005 -14"><span class='ocrx_word' id='word_1_82' title='bbox 115 1974 324 2038; x_wconf 90' lang='lat' dir='ltr'><strong>adficiuntur</strong></span> <span class='ocrx_word' id='word_1_83' title='bbox 340 1980 372 2036; x_wconf 92' lang='lat' dir='ltr'><strong>et</strong></span> <span class='ocrx_word' id='word_1_84' title='bbox 387 1974 520 2037; x_wconf 90' lang='lat' dir='ltr'><strong>omnino</strong></span> <span class='ocrx_word' id='word_1_85' title='bbox 534 1975 621 2051; x_wconf 90' lang='lat' dir='ltr'><strong>quod</strong></span> <span class='ocrx_word' id='word_1_86' title='bbox 637 1973 761 2036; x_wconf 90' lang='lat' dir='ltr'><strong>semina</strong></span> <span class='ocrx_word' id='word_1_87' title='bbox 776 1972 867 2035; x_wconf 90' lang='lat' dir='ltr'><strong>uocis</strong></span> 
     </span>
     <span class='ocr_line' id='line_1_15' title="bbox 115 2082 978 2161; baseline -0.008 -15"><span class='ocrx_word' id='word_1_88' title='bbox 115 2084 288 2147; x_wconf 85' lang='lat' dir='ltr'><strong>eiciuntur</strong></span> <span class='ocrx_word' id='word_1_89' title='bbox 305 2091 338 2148; x_wconf 90' lang='lat' dir='ltr'><strong>et</strong></span> <span class='ocrx_word' id='word_1_90' title='bbox 353 2105 408 2148; x_wconf 91' lang='lat' dir='ltr'><strong>ore</strong></span> <span class='ocrx_word' id='word_1_91' title='bbox 425 2083 517 2146; x_wconf 85' lang='lat' dir='ltr'><strong>foras</strong></span> <span class='ocrx_word' id='word_1_92' title='bbox 533 2085 714 2161; x_wconf 88' lang='lat' dir='ltr'><strong>glomerata</strong></span> <span class='ocrx_word' id='word_1_93' title='bbox 730 2082 889 2147; x_wconf 86' lang='lat' dir='ltr'><strong>feruntur</strong></span> <span class='ocrx_word' id='word_1_94' title='bbox 975 2134 978 2139; x_wconf 23' lang='lat'><strong>⁴</strong></span> 
     </span>
     <span class='ocr_line' id='line_1_16' title="bbox 115 2192 901 2270; baseline -0.003 -13"><span class='ocrx_word' id='word_1_95' title='bbox 115 2214 182 2270; x_wconf 90' lang='lat' dir='ltr'><strong>qua</strong></span> <span class='ocrx_word' id='word_1_96' title='bbox 202 2193 298 2270; x_wconf 88' lang='lat' dir='ltr'><strong>quasi</strong></span> <span class='ocrx_word' id='word_1_97' title='bbox 316 2200 515 2256; x_wconf 88' lang='lat' dir='ltr'><strong>consuerunt</strong></span> <span class='ocrx_word' id='word_1_98' title='bbox 534 2201 565 2257; x_wconf 93' lang='lat' dir='ltr'><strong>et</strong></span> <span class='ocrx_word' id='word_1_99' title='bbox 583 2200 660 2255; x_wconf 92' lang='lat' dir='ltr'><strong>sunt</strong></span> <span class='ocrx_word' id='word_1_100' title='bbox 677 2192 807 2256; x_wconf 87' lang='lat' dir='ltr'><strong>munita</strong></span> <span class='ocrx_word' id='word_1_101' title='bbox 823 2193 901 2255; x_wconf 90' lang='lat' dir='ltr'><strong>uiai.</strong></span> 
     </span>
     <span class='ocr_line' id='line_1_17' title="bbox 116 2302 914 2382; baseline -0.003 -16"><span class='ocrx_word' id='word_1_102' title='bbox 116 2302 321 2382; x_wconf 89' lang='lat' dir='ltr'><strong>desipientia</strong></span> <span class='ocrx_word' id='word_1_103' title='bbox 335 2302 382 2379; x_wconf 92' lang='lat' dir='ltr'><strong>fit,</strong></span> <span class='ocrx_word' id='word_1_104' title='bbox 399 2303 477 2380; x_wconf 93' lang='lat' dir='ltr'><strong>quia</strong></span> <span class='ocrx_word' id='word_1_105' title='bbox 491 2303 543 2365; x_wconf 91' lang='lat' dir='ltr'><strong>uis</strong></span> <span class='ocrx_word' id='word_1_106' title='bbox 559 2303 660 2365; x_wconf 90' lang='lat' dir='ltr'><strong>animi</strong></span> <span class='ocrx_word' id='word_1_107' title='bbox 676 2308 775 2380; x_wconf 90' lang='lat' dir='ltr'><strong>atque</strong></span> <span class='ocrx_word' id='word_1_108' title='bbox 792 2302 914 2365; x_wconf 90' lang='lat' dir='ltr'><strong>animai</strong></span> 
     </span>
     <span class='ocr_line' id='line_1_18' title="bbox 117 2396 855 2489; baseline -0.001 -14"><span class='ocrx_word' id='word_1_109' title='bbox 117 2414 341 2475; x_wconf 88' lang='lat' dir='ltr'><strong>conturbatur</strong></span> <span class='ocrx_word' id='word_1_110' title='bbox 356 2396 397 2489; x_wconf 85' lang='lat' dir='ltr'><strong>et,</strong></span> <span class='ocrx_word' id='word_1_111' title='bbox 412 2418 450 2475; x_wconf 93' lang='lat' dir='ltr'><strong>ut</strong></span> <span class='ocrx_word' id='word_1_112' title='bbox 465 2413 571 2488; x_wconf 91' lang='lat' dir='ltr'><strong>docui,</strong></span> <span class='ocrx_word' id='word_1_113' title='bbox 587 2413 695 2475; x_wconf 90' lang='lat' dir='ltr'><strong>diuisa</strong></span> <span class='ocrx_word' id='word_1_114' title='bbox 711 2432 855 2475; x_wconf 90' lang='lat' dir='ltr'><strong>seorsum</strong></span> 
     </span>
     <span class='ocr_line' id='line_1_19' title="bbox 118 2522 850 2586; baseline 0 -2"><span class='ocrx_word' id='word_1_115' title='bbox 118 2522 316 2585; x_wconf 89' lang='lat' dir='ltr'><strong>disiectatur</strong></span> <span class='ocrx_word' id='word_1_116' title='bbox 334 2524 446 2586; x_wconf 91' lang='lat' dir='ltr'><strong>eodem</strong></span> <span class='ocrx_word' id='word_1_117' title='bbox 463 2523 519 2585; x_wconf 93' lang='lat' dir='ltr'><strong>illo</strong></span> <span class='ocrx_word' id='word_1_118' title='bbox 536 2522 696 2585; x_wconf 88' lang='lat' dir='ltr'><strong>distracta</strong></span> <span class='ocrx_word' id='word_1_119' title='bbox 714 2543 850 2585; x_wconf 90' lang='lat' dir='ltr'><strong>ueneno.</strong></span> 
     </span>
     <span class='ocr_line' id='line_1_20' title="bbox 117 2632 897 2709; baseline 0.004 -17"><span class='ocrx_word' id='word_1_120' title='bbox 117 2632 197 2696; x_wconf 80' lang='lat' dir='ltr'><strong>iude</strong></span> <span class='ocrx_word' id='word_1_121' title='bbox 213 2632 272 2695; x_wconf 92' lang='lat' dir='ltr'><strong>ubi</strong></span> <span class='ocrx_word' id='word_1_122' title='bbox 287 2632 353 2694; x_wconf 91' lang='lat' dir='ltr'><strong>iam</strong></span> <span class='ocrx_word' id='word_1_123' title='bbox 367 2632 473 2694; x_wconf 92' lang='lat' dir='ltr'><strong>morbi</strong></span> <span class='ocrx_word' id='word_1_124' title='bbox 488 2632 615 2695; x_wconf 87' lang='lat' dir='ltr'><strong>reflexit</strong></span> <span class='ocrx_word' id='word_1_125' title='bbox 632 2653 730 2695; x_wconf 87' lang='lat' dir='ltr'><strong>causa</strong></span> <span class='ocrx_word' id='word_1_126' title='bbox 746 2632 897 2709; x_wconf 88' lang='lat' dir='ltr'><strong>reditque</strong></span> 
     </span>
     <span class='ocr_line' id='line_1_21' title="bbox 118 2741 854 2820; baseline 0 -18"><span class='ocrx_word' id='word_1_127' title='bbox 118 2741 154 2802; x_wconf 93' lang='lat' dir='ltr'><strong>in</strong></span> <span class='ocrx_word' id='word_1_128' title='bbox 170 2743 317 2805; x_wconf 89' lang='lat' dir='ltr'><strong>latebras</strong></span> <span class='ocrx_word' id='word_1_129' title='bbox 333 2763 407 2804; x_wconf 89' lang='lat' dir='ltr'><strong>acer</strong></span> <span class='ocrx_word' id='word_1_130' title='bbox 424 2743 573 2820; x_wconf 88' lang='lat' dir='ltr'><strong>corrupti</strong></span> <span class='ocrx_word' id='word_1_131' title='bbox 589 2742 735 2820; x_wconf 91' lang='lat' dir='ltr'><strong>corporis</strong></span> <span class='ocrx_word' id='word_1_132' title='bbox 750 2762 854 2817; x_wconf 87' lang='lat' dir='ltr'><strong>umor,</strong></span> 
     </span>
     <span class='ocr_line' id='line_1_22' title="bbox 117 2851 1042 2930; baseline 0 -18"><span class='ocrx_word' id='word_1_133' title='bbox 117 2858 190 2913; x_wconf 89' lang='lat' dir='ltr'><strong>tum</strong></span> <span class='ocrx_word' id='word_1_134' title='bbox 209 2851 305 2929; x_wconf 91' lang='lat' dir='ltr'><strong>quasi</strong></span> <span class='ocrx_word' id='word_1_135' title='bbox 325 2851 521 2919; x_wconf 74' lang='lat' dir='ltr'><strong>tuacoillans</strong></span> <span class='ocrx_word' id='word_1_136' title='bbox 538 2852 682 2930; x_wconf 86' lang='lat' dir='ltr'><strong>primurn</strong></span> <span class='ocrx_word' id='word_1_137' title='bbox 701 2852 869 2928; x_wconf 85' lang='lat' dir='ltr'><strong>consurgit</strong></span> <span class='ocrx_word' id='word_1_138' title='bbox 887 2860 919 2914; x_wconf 91' lang='lat' dir='ltr'><strong>et</strong></span> <span class='ocrx_word' id='word_1_139' title='bbox 936 2851 1042 2913; x_wconf 92' lang='lat' dir='ltr'><strong>omnis</strong></span> 
     </span>
     <span class='ocr_line' id='line_1_23' title="bbox 119 2961 957 3039; baseline 0 -16"><span class='ocrx_word' id='word_1_140' title='bbox 119 2961 285 3038; x_wconf 92' lang='lat' dir='ltr'><strong>paulatim</strong></span> <span class='ocrx_word' id='word_1_141' title='bbox 299 2961 386 3024; x_wconf 93' lang='lat' dir='ltr'><strong>redit</strong></span> <span class='ocrx_word' id='word_1_142' title='bbox 401 2962 436 3022; x_wconf 93' lang='lat' dir='ltr'><strong>in</strong></span> <span class='ocrx_word' id='word_1_143' title='bbox 450 2982 564 3024; x_wconf 92' lang='lat' dir='ltr'><strong>sensus</strong></span> <span class='ocrx_word' id='word_1_144' title='bbox 579 2962 786 3039; x_wconf 90' lang='lat' dir='ltr'><strong>animamque</strong></span> <span class='ocrx_word' id='word_1_145' title='bbox 801 2967 957 3039; x_wconf 85' lang='lat' dir='ltr'><strong>receptat.</strong></span> 
     </span>
     <span class='ocr_line' id='line_1_24' title="bbox 79 3070 936 3157; baseline 0.005 -27"><span class='ocrx_word' id='word_1_146' title='bbox 79 3071 200 3133; x_wconf 88' lang='lat' dir='ltr'><strong>—haeo</strong></span> <span class='ocrx_word' id='word_1_147' title='bbox 216 3070 321 3148; x_wconf 90' lang='lat' dir='ltr'><strong>igitur</strong></span> <span class='ocrx_word' id='word_1_148' title='bbox 335 3071 439 3133; x_wconf 89' lang='lat' dir='ltr'><strong>tantis</strong></span> <span class='ocrx_word' id='word_1_149' title='bbox 453 3071 510 3134; x_wconf 92' lang='lat' dir='ltr'><strong>ubi</strong></span> <span class='ocrx_word' id='word_1_150' title='bbox 525 3071 647 3157; x_wconf 86' lang='lat' dir='ltr'><strong>morbis</strong></span> <span class='ocrx_word' id='word_1_151' title='bbox 661 3092 797 3155; x_wconf 90' lang='lat' dir='ltr'><strong>corpore</strong></span> <span class='ocrx_word' id='word_1_152' title='bbox 812 3071 848 3132; x_wconf 93' lang='lat' dir='ltr'><strong>in</strong></span> <span class='ocrx_word' id='word_1_153' title='bbox 863 3071 936 3149; x_wconf 91' lang='lat' dir='ltr'><strong>ipso</strong></span> 
     </span>
     <span class='ocr_line' id='line_1_25' title="bbox 120 3179 968 3257; baseline 0.005 -18"><span class='ocrx_word' id='word_1_154' title='bbox 120 3179 288 3242; x_wconf 87' lang='lat' dir='ltr'><strong>iactentur</strong></span> <span class='ocrx_word' id='word_1_155' title='bbox 304 3180 495 3257; x_wconf 90' lang='lat' dir='ltr'><strong>miserisque</strong></span> <span class='ocrx_word' id='word_1_156' title='bbox 511 3180 615 3243; x_wconf 89' lang='lat' dir='ltr'><strong>modis</strong></span> <span class='ocrx_word' id='word_1_157' title='bbox 633 3181 792 3244; x_wconf 87' lang='lat' dir='ltr'><strong>distracta</strong></span> <span class='ocrx_word' id='word_1_158' title='bbox 809 3182 968 3257; x_wconf 88' lang='lat' dir='ltr'><strong>laborent,</strong></span> 
     </span>
     <span class='ocr_line' id='line_1_26' title="bbox 121 3289 932 3369; baseline 0.005 -20"><span class='ocrx_word' id='word_1_159' title='bbox 121 3309 180 3351; x_wconf 92' lang='lat' dir='ltr'><strong>cur</strong></span> <span class='ocrx_word' id='word_1_160' title='bbox 195 3289 308 3351; x_wconf 89' lang='lat' dir='ltr'><strong>eadem</strong></span> <span class='ocrx_word' id='word_1_161' title='bbox 323 3290 429 3352; x_wconf 88' lang='lat' dir='ltr'><strong>credis</strong></span> <span class='ocrx_word' id='word_1_162' title='bbox 443 3290 512 3352; x_wconf 89' lang='lat' dir='ltr'><strong>sine</strong></span> <span class='ocrx_word' id='word_1_163' title='bbox 528 3310 662 3368; x_wconf 90' lang='lat' dir='ltr'><strong>corpore</strong></span> <span class='ocrx_word' id='word_1_164' title='bbox 677 3291 713 3351; x_wconf 93' lang='lat' dir='ltr'><strong>in</strong></span> <span class='ocrx_word' id='word_1_165' title='bbox 728 3311 801 3353; x_wconf 92' lang='lat' dir='ltr'><strong>aere</strong></span> <span class='ocrx_word' id='word_1_166' title='bbox 817 3297 932 3369; x_wconf 88' lang='lat' dir='ltr'><strong>aperto</strong></span> 
     </span>
     <span class='ocr_line' id='line_1_27' title="bbox 122 3398 884 3478; baseline 0.004 -19"><span class='ocrx_word' id='word_1_167' title='bbox 122 3418 196 3460; x_wconf 93' lang='lat' dir='ltr'><strong>cum</strong></span> <span class='ocrx_word' id='word_1_168' title='bbox 213 3398 336 3460; x_wconf 91' lang='lat' dir='ltr'><strong>ualidis</strong></span> <span class='ocrx_word' id='word_1_169' title='bbox 352 3399 461 3463; x_wconf 89' lang='lat' dir='ltr'><strong>uentis</strong></span> <span class='ocrx_word' id='word_1_170' title='bbox 479 3407 619 3462; x_wconf 87' lang='lat' dir='ltr'><strong>aetatem</strong></span> <span class='ocrx_word' id='word_1_171' title='bbox 636 3401 753 3477; x_wconf 90' lang='lat' dir='ltr'><strong>degere</strong></span> <span class='ocrx_word' id='word_1_172' title='bbox 771 3404 884 3478; x_wconf 77' lang='lat' dir='ltr'><strong>posset</strong></span> 
     </span>
     <span class='ocr_line' id='line_1_28' title="bbox 185 3507 1044 3587; baseline 0.002 -18"><span class='ocrx_word' id='word_1_173' title='bbox 185 3509 232 3570; x_wconf 83' lang='lat' dir='ltr'><strong>Et</strong></span> <span class='ocrx_word' id='word_1_174' title='bbox 247 3507 402 3585; x_wconf 90' lang='lat' dir='ltr'><strong>quoniam</strong></span> <span class='ocrx_word' id='word_1_175' title='bbox 417 3515 559 3570; x_wconf 90' lang='lat' dir='ltr'><strong>mentem</strong></span> <span class='ocrx_word' id='word_1_176' title='bbox 574 3510 694 3585; x_wconf 87' lang='lat' dir='ltr'><strong>sanari,</strong></span> <span class='ocrx_word' id='word_1_177' title='bbox 712 3529 832 3586; x_wconf 87' lang='lat' dir='ltr'><strong>corpus</strong></span> <span class='ocrx_word' id='word_1_178' title='bbox 845 3515 884 3571; x_wconf 92' lang='lat' dir='ltr'><strong>ut</strong></span> <span class='ocrx_word' id='word_1_179' title='bbox 900 3530 1044 3587; x_wconf 89' lang='lat' dir='ltr'><strong>aegrum,</strong></span> 
     </span>
     <span class='ocr_line' id='line_1_29' title="bbox 123 3618 897 3696; baseline 0.003 -18"><span class='ocrx_word' id='word_1_180' title='bbox 123 3618 286 3680; x_wconf 88' lang='lat' dir='ltr'><strong>cernimus</strong></span> <span class='ocrx_word' id='word_1_181' title='bbox 302 3626 334 3681; x_wconf 93' lang='lat' dir='ltr'><strong>et</strong></span> <span class='ocrx_word' id='word_1_182' title='bbox 350 3618 437 3680; x_wconf 90' lang='lat' dir='ltr'><strong>flecti</strong></span> <span class='ocrx_word' id='word_1_183' title='bbox 453 3618 614 3681; x_wconf 89' lang='lat' dir='ltr'><strong>medicina</strong></span> <span class='ocrx_word' id='word_1_184' title='bbox 630 3639 723 3696; x_wconf 89' lang='lat' dir='ltr'><strong>posse</strong></span> <span class='ocrx_word' id='word_1_185' title='bbox 738 3618 897 3695; x_wconf 88' lang='lat' dir='ltr'><strong>uidemus,</strong></span> 
     </span>
     <span class='ocr_line' id='line_1_30' title="bbox 123 3725 969 3805; baseline 0.005 -20"><span class='ocrx_word' id='word_1_186' title='bbox 123 3725 157 3787; x_wconf 94' lang='lat' dir='ltr'><strong>id</strong></span> <span class='ocrx_word' id='word_1_187' title='bbox 173 3747 302 3804; x_wconf 91' lang='lat' dir='ltr'><strong>quoque</strong></span> <span class='ocrx_word' id='word_1_188' title='bbox 319 3728 486 3805; x_wconf 85' lang='lat' dir='ltr'><strong>praesagit</strong></span> <span class='ocrx_word' id='word_1_189' title='bbox 502 3729 673 3790; x_wconf 90' lang='lat' dir='ltr'><strong>mortalem</strong></span> <span class='ocrx_word' id='word_1_190' title='bbox 689 3728 803 3790; x_wconf 91' lang='lat' dir='ltr'><strong>uiuere</strong></span> <span class='ocrx_word' id='word_1_191' title='bbox 819 3734 969 3790; x_wconf 88' lang='lat' dir='ltr'><strong>mentem.</strong></span> 
     </span>
     <span class='ocr_line' id='line_1_31' title="bbox 84 3837 1007 3915; baseline 0.001 -17"><span class='ocrx_word' id='word_1_192' title='bbox 84 3837 244 3907; x_wconf 77' lang='lat' dir='ltr'><strong>—oddere</strong></span> <span class='ocrx_word' id='word_1_193' title='bbox 260 3837 346 3899; x_wconf 89' lang='lat' dir='ltr'><strong>enim</strong></span> <span class='ocrx_word' id='word_1_194' title='bbox 362 3837 469 3915; x_wconf 84' lang='lat' dir='ltr'><strong>partis</strong></span> <span class='ocrx_word' id='word_1_195' title='bbox 485 3844 543 3899; x_wconf 89' lang='lat' dir='ltr'><strong>aut</strong></span> <span class='ocrx_word' id='word_1_196' title='bbox 559 3838 674 3900; x_wconf 91' lang='lat' dir='ltr'><strong>ordine</strong></span> <span class='ocrx_word' id='word_1_197' title='bbox 690 3837 847 3900; x_wconf 88' lang='lat' dir='ltr'><strong>traiecere</strong></span> <span class='ocrx_word' id='word_1_198' title='bbox 864 3844 1007 3899; x_wconf 86' lang='lat' dir='ltr'><strong>aecumst</strong></span> 
     </span>
     <span class='ocr_line' id='line_1_32' title="bbox 125 3945 988 4025; baseline 0.001 -19"><span class='ocrx_word' id='word_1_199' title='bbox 125 3953 181 4008; x_wconf 87' lang='lat' dir='ltr'><strong>aut</strong></span> <span class='ocrx_word' id='word_1_200' title='bbox 198 3945 325 4023; x_wconf 89' lang='lat' dir='ltr'><strong>aliquid</strong></span> <span class='ocrx_word' id='word_1_201' title='bbox 340 3967 474 4025; x_wconf 90' lang='lat' dir='ltr'><strong>prosum</strong></span> <span class='ocrx_word' id='word_1_202' title='bbox 490 3947 530 4010; x_wconf 89' lang='lat' dir='ltr'><strong>de</strong></span> <span class='ocrx_word' id='word_1_203' title='bbox 545 3967 670 4010; x_wconf 90' lang='lat' dir='ltr'><strong>summa</strong></span> <span class='ocrx_word' id='word_1_204' title='bbox 686 3947 859 4009; x_wconf 85' lang='lat' dir='ltr'><strong>detrahere</strong></span> <span class='ocrx_word' id='word_1_205' title='bbox 873 3945 988 4022; x_wconf 84' lang='lat' dir='ltr'><strong>hilum,</strong></span> 
     </span>
    </p>
   </div>
   <div class='ocr_carea' id='block_1_3' title="bbox 135 4076 479 4142">
    <p class='ocr_par' dir='ltr' id='par_1_3' title="bbox 135 4076 479 4142">
     <span class='ocr_line' id='line_1_33' title="bbox 135 4076 479 4142; baseline 0.012 -19"><span class='ocrx_word' id='word_1_206' title='bbox 135 4076 184 4125; x_wconf 84' lang='lat'><strong>493</strong></span> <span class='ocrx_word' id='word_1_207' title='bbox 196 4093 328 4142; x_wconf 84' lang='lat' dir='ltr'><strong>spumans</strong></span> <span class='ocrx_word' id='word_1_208' title='bbox 361 4079 409 4128; x_wconf 81' lang='lat' dir='ltr'><strong>alii</strong></span> <span class='ocrx_word' id='word_1_209' title='bbox 424 4078 479 4128; x_wconf 79' lang='lat' dir='ltr'><strong>clia</strong></span> 
     </span>
    </p>
   </div>
   <div class='ocr_carea' id='block_1_4' title="bbox 136 4144 685 4267">
    <p class='ocr_par' dir='ltr' id='par_1_4' title="bbox 136 4144 685 4267">
     <span class='ocr_line' id='line_1_34' title="bbox 136 4144 685 4267; baseline 0.004 -75"><span class='ocrx_word' id='word_1_210' title='bbox 136 4144 186 4193; x_wconf 84' lang='lat'><strong>504</strong></span> <span class='ocrx_word' id='word_1_211' title='bbox 195 4145 264 4207; x_wconf 78' lang='lat' dir='ltr'><strong>sort.</strong></span> <span class='ocrx_word' id='word_1_212' title='bbox 279 4145 360 4196; x_wconf 88' lang='lat' dir='ltr'><strong>homo</strong></span> <span class='ocrx_word' id='word_1_213' title='bbox 374 4147 506 4196; x_wconf 88' lang='lat' dir='ltr'><strong>titubans</strong></span> <span class='ocrx_word' id='word_1_214' title='bbox 627 4214 685 4267; x_wconf 75' lang='lat'><strong>[97]</strong></span> 
     </span>
    </p>
   </div>
   <div class='ocr_carea' id='block_1_5' title="bbox 0 0 1625 4682">
    <p class='ocr_par' dir='ltr' id='par_1_5' title="bbox 0 0 1625 4682">
     <span class='ocr_line' id='line_1_35' title="bbox 0 0 1625 4682; baseline 0 0"><span class='ocrx_word' id='word_1_215' title='bbox 0 0 1625 4682; x_wconf 95' lang='lat' dir='ltr'><strong> </strong></span> 
     </span>
    </p>
   </div>
  </div>
 </body>
</html>
