3234 4686
644 440 695 490 DE
713 440 846 490 RERVM
863 439 1018 489 NATVRA
1041 440 1064 488 1⁷

342 655 559 733 disiectosque·
578 655 706 734 redegit
726 676 827 733 equos
845 655 1019 733 iunxitque
1039 655 1220 732 trementis,

343 764 420 829 inde
437 785 533 828 suum
549 785 609 844 per
625 765 689 828 iter
706 765 870 829 recreauit
886 772 1007 828 cuncta
1023 766 1220 843 gubernans,

300 874 467 938 -scilicet
483 882 522 938 ut
538 881 666 938 ueteres
684 875 823 938 Graium
839 874 984 937 cecinere
1001 882 1125 952 poetae.

343 985 431 1062 quod
447 985 564 1062 procul
580 1006 600 1047 a
614 1005 696 1048 uera
712 984 811 1047 nimis
827 990 875 1047 est
892 983 1019 1047 ratione
1035 984 1232 1063 repulsum.)

341 1093 430 1172 ignis
447 1093 533 1158 enim
550 1113 708 1172 superare
724 1101 832 1172 potest
848 1093 906 1157 ubi
923 1093 1074 1156 materiai

342 1224 382 1265 ex
397 1203 530 1266 infinito
543 1211 622 1267 sunt
637 1224 775 1283 corpora
791 1205 890 1281 plura
907 1211 1018 1265 coorta
1027 1229 1035 1279 ;

343 1313 420 1376 inde
438 1315 562 1376 cadunt
578 1313 668 1376 uires
686 1313 797 1390 aliqua
814 1312 942 1376 ratione
960 1313 1114 1390 reuictae,

343 1430 401 1485 aut
418 1429 559 1500 pereunt
575 1443 626 1484 res
642 1429 775 1485 exustae
791 1422 995 1485 torrentibus
1012 1422 1112 1485 auris.

342 1552 438 1595 umor
453 1532 531 1595 item
549 1533 714 1609 quondam
731 1531 838 1609 coepit
854 1552 1011 1609 superare
1028 1540 1168 1608 coortus

342 1649 381 1704 ut
398 1641 490 1704 fama
506 1648 564 1718 est,
580 1641 749 1704 hominum
765 1642 854 1704 uitas
871 1642 1004 1718 quando
1021 1642 1132 1704 obruit
1148 1641 1257 1704 undis

343 1751 421 1814 inde
437 1751 495 1814 ubi
512 1751 565 1813 uis
582 1751 695 1828 aliqua
711 1751 839 1814 ratione
857 1772 975 1814 auersa
992 1751 1135 1828 recessit,

343 1882 382 1923 ex
401 1860 532 1923 infinito
550 1860 664 1924 fuerat
683 1882 906 1938 quaecumque
926 1869 1046 1937 coorta,

344 1969 565 2033 constiterunt
582 1970 702 2034 imbres
719 1978 751 2033 et
769 1970 907 2034 flumina
923 1970 992 2033 uim
1010 1971 1212 2033 minuerunt.

407 2248 471 2311 Sed
488 2249 679 2326 quibus'ille
695 2249 800 2312 modis
816 2249 982 2312 coniectus
998 2249 1149 2326 materiai

343 2358 498 2421 fundarit
515 2366 639 2421 terram
658 2367 690 2422 et
709 2360 835 2422 caelum
854 2359 1012 2437 pontique
1032 2359 1212 2436 profunda,

342 2468 419 2530 solis
435 2468 528 2531 lunai
546 2488 670 2545 cursus
688 2491 727 2532 ex
745 2469 860 2532 ordine
878 2488 1008 2546 ponam.

617 2575 732 2625 ORIGO
752 2575 882 2624 MVNDI
900 2575 948 2624 ET
968 2574 1129 2625 OMNIVM

342 2683 419 2725 uam
437 2670 523 2727 certe
541 2684 646 2740 neque
664 2664 800 2726 consilio
816 2663 1000 2741 primordia
1016 2685 1128 2726 rerum

343 2773 457 2835 ordine
475 2793 507 2836 se
524 2793 584 2836 suo
600 2794 747 2851 quaeque
764 2773 874 2851 sagaci
890 2781 998 2836 mente
1015 2774 1168 2836 locarunt

342 2902 401 2945 nec
418 2903 498 2960 quos
515 2903 662 2961 quaeque
678 2885 798 2946 darent
813 2890 921 2946 motus
937 2883 1092 2961 pepigere
1108 2882 1270 2961 profecto,

343 2994 400 3055 sed
416 2992 494 3070 quia
510 2994 616 3055 multa
631 2993 736 3056 modis
752 2992 865 3055 multis
882 2993 1065 3071 primordia
1081 3013 1192 3056 rerum

343 3124 382 3165 ex
400 3102 531 3165 infinito
548 3102 613 3165 iam
630 3110 776 3180 tempore
795 3102 922 3180 percita
939 3102 1047 3180 plagis

343 3212 609 3289 ponderibusque
625 3213 693 3275 suis
711 3219 912 3275 consuerunt
929 3213 1058 3275 concita
1075 3212 1158 3275 ferri

263 3317 267 3324 ’
344 3321 601 3399 omnimodisque
620 3322 705 3385 coire
724 3330 822 3399 atque
841 3321 950 3385 omnia
969 3329 1202 3399 pertemptare,

343 3452 567 3509 quaecumque
584 3432 672 3494 inter
688 3453 721 3495 se
739 3439 871 3510 possent
889 3452 1062 3509 congressa
1079 3452 1199 3508 creare,

302 3548 520 3619 -propterea
536 3542 574 3603 fit
589 3541 641 3603 uti
657 3562 814 3618 magnum
830 3542 964 3619 uolgata
981 3562 1041 3618 per
1058 3561 1172 3604 aeuom

344 3651 537 3728 omnigenus
554 3658 665 3714 coetus
682 3658 714 3714 et
732 3658 841 3713 motus
858 3650 1062 3728 experiundo

344 3762 478 3823 tandem
496 3760 695 3823 conueniant
714 3781 751 3823 ea
769 3781 852 3837 quae
870 3767 1033 3824 conuenta
1051 3767 1185 3838 repente

343 3891 538 3947 magnarum
554 3891 665 3933 rerum
680 3870 765 3932 fiunt
782 3870 916 3933 exordia
931 3889 1036 3946 saepe,

355 4002 405 4051 412
425 4000 525 4052 multas
545 4003 611 4064 sort.
630 4002 722 4051 vultus
775 4003 847 4064 vulp.
866 4001 943 4051 urbis

354 4070 405 4118 428
416 4069 488 4129 utiq.
504 4084 584 4119 omne
599 4083 687 4133 genus

354 4137 405 4185 429
415 4137 487 4198 vulp.
505 4142 644 4187 convecta

839 4205 913 4256 [178]
