3234 4684
638 446 690 496 DE
708 446 839 497 RERVM
857 447 1011 497 aman
1032 448 1065 497 11

336 679 491 738 purpura
506 660 743 738 poeniceusque
759 662 846 724 color
863 662 1061 725 clarissimu’
1076 663 1190 739 multo,

335 768 454 832 filatim
469 790 543 833 cum
560 770 756 834 distractum
771 778 828 848 est,
846 771 1052 851 disperditur
1068 772 1181 835 omnis.

294 899 469 943 —noscere
483 885 522 942 ut
536 866 613 943 hinc
629 880 734 959 possis
747 881 842 959 prius
858 901 984 944 omnem
1000 882 1105 945 efflare
1121 882 1260 945 colorem

336 988 520 1067 particulas
534 1010 633 1067 quam
649 990 819 1054 discedant
835 992 878 1054 ad
894 990 1017 1055 semina
1033 1011 1153 1054 rerum.

399 1100 569 1163 Postremo
582 1099 737 1177 quoniam
750 1120 817 1163 non
832 1101 940 1164 omnia
954 1120 1092 1179 corpora
1105 1121 1218 1164 uocem

335 1208 467 1272 mittere
484 1209 635 1272 concedis
650 1230 755 1287 neque
773 1210 913 1286 odorem,
932 1217 1109 1288 propterea
1125 1210 1163 1273 fit

335 1325 374 1381 ut
389 1338 457 1380 non
472 1319 623 1382 omnibus
639 1319 811 1382 adtribuas
826 1319 953 1382 sonitus
970 1327 1002 1383 et
1019 1321 1142 1382 odores.

334 1427 381 1491 sic
396 1428 499 1491 oculis
512 1429 667 1506 quoniam
682 1448 748 1491 non
764 1429 874 1492 omnia
888 1449 1020 1491 cernere
1037 1429 1177 1506 quimus,

334 1537 417 1601 scire
431 1538 507 1602 licet
522 1540 684 1616 quaedam
698 1546 766 1601 tarn
781 1546 931 1602 constare
946 1539 1025 1601 orba
1041 1539 1146 1602 colore

334 1669 433 1728 quam
448 1649 518 1712 sine
534 1649 631 1711 odore
646 1648 717 1711 ullo
731 1649 892 1725 quaedam
907 1648 1082 1725 sonituque
1098 1654 1232 1724 remota,

333 1779 393 1823 nec
406 1759 517 1821 minus
530 1760 610 1822 haec
625 1757 771 1822 animum
787 1778 978 1835 cognoscere
993 1777 1086 1835 posse
1100 1776 1248 1834 sagacem
1439 1756 1494 1804 840

333 1890 432 1947 quarn
449 1888 532 1946 quae
550 1874 628 1931 sunt
645 1867 718 1930 aliis
735 1869 832 1930 rebus
849 1867 984 1944 priuata
1001 1874 1126 1929 notare.

291 2160 444 2212 ATOMOS
462 2160 537 2211 NEC
555 2159 736 2210 CALOREM
753 2159 828 2209 NEC
845 2158 1004 2209 ODOREM
1021 2158 1097 2209 NEC
1114 2157 1244 2208 svovM
1260 2158 1336 2209 NEC
1352 2157 1493 2208 FRIGVS

663 2244 739 2294 NEC
759 2243 940 2294 OALOREM
960 2244 1117 2294 HABERE

397 2335 462 2398 Sed
479 2355 520 2398 ne
537 2334 624 2396 forte
642 2340 739 2411 putes
755 2334 823 2395 solo
838 2332 980 2410 spoliata
996 2333 1102 2395 colore

333 2465 472 2523 corpora
488 2444 596 2523 prima
612 2464 754 2518 manere,
771 2443 870 2506 etiam
886 2448 1012 2505 secreta
1026 2441 1151 2519 teporis

333 2563 412 2618 sunt
429 2575 466 2617 ac
484 2553 621 2632 frigoris
639 2552 772 2615 omnino
788 2552 951 2629 calidique
968 2552 1114 2628 uaporis,

296 2702 298 2707 ,
335 2672 367 2729 et
383 2664 494 2727 sonitu
509 2662 623 2726 sterila
640 2669 672 2726 et
688 2681 766 2724 suco
782 2662 893 2725 ieiuna
910 2662 1078 2737 feruntur,

333 2794 393 2836 nec
411 2773 537 2837 iaciunt
555 2774 661 2836 ullum
681 2772 854 2850 proprium
873 2773 914 2834 de
933 2790 1068 2848 corpore
1088 2772 1229 2834 odorem.

290 2882 419 2945 -sicut
438 2882 618 2945 amaracini
636 2881 796 2943 blandum
814 2887 1002 2956 stactaeque
1021 2879 1181 2956 liquorem

334 2999 366 3054 et
381 2991 479 3054 nardi
495 2991 616 3068 florem,
632 2997 747 3052 nectar
763 2990 820 3067 qui
835 2989 972 3052 naribus
986 2990 1088 3066 halat,

334 3122 408 3165 curn
424 3101 534 3164 facere
549 3101 715 3176 instituas,
732 3120 806 3162 cum
823 3099 939 3177 primis
957 3119 1113 3176 quaerere
1129 3119 1191 3176 par
1208 3106 1256 3161 est

317 3212 422 3290 (quod
439 3211 515 3274 licet
532 3231 569 3274 ac
585 3210 688 3288 possis
704 3209 866 3286 reperire)
889 3208 1043 3271 inolentis
1059 3208 1140 3270 oliui

333 3329 498 3397 naturam,
516 3320 643 3382 nullam
660 3340 743 3397 quae
760 3319 872 3381 mittat
889 3318 1026 3381 naribus
1044 3313 1169 3394 auram,

334 3452 433 3509 quam
448 3430 582 3493 minime
597 3437 636 3492 ut
653 3429 755 3507 possit
771 3429 890 3490 mixtos
906 3428 941 3488 in
957 3446 1093 3505 corpore
1110 3428 1225 3491 odores

333 3541 564 3617 concoctosque
583 3559 643 3602 suo
660 3544 870 3601 contractans
888 3538 1025 3615 perdere
1043 3536 1134 3613 uiro;

290 3657 510 3730 —propterea
527 3649 661 3713 tandem
679 3649 798 3711 debent
816 3647 998 3726 primordia
1016 3667 1127 3710 rerum

332 3781 400 3823 non
417 3760 570 3823 adhibere
587 3779 684 3821 suum
700 3757 880 3835 gignundis
897 3758 994 3819 rebus
1012 3757 1143 3818 odorem

332 3891 392 3933 nec
407 3869 560 3945 sonitum,
578 3868 733 3945 quoniam
749 3867 798 3928 nil
814 3869 855 3930 ab
871 3887 905 3929 se
920 3865 1051 3929 mittere
1069 3872 1216 3944 possunt,

344 4003 395 4052 850
406 4001 477 4062 vulp.
494 4000 583 4065 quoad

344 4070 396 4119 854
406 4073 521 4135 propter
536 4068 657 4137 eandem
673 4069 796 4126 <rem>

837 4224 894 4275 [68]
