3234 4684
600 425 652 475 DE
670 424 803 474 RERVM
820 420 975 473 NATVRA
994 423 1029 473 11

300 639 494 716 praesertim
512 660 596 716 cum,
614 659 698 716 quae
715 638 876 717 possimus
893 658 1035 715 cernere,
1052 638 1159 701 celent

300 768 396 826 saepe
412 755 523 812 tamen
539 755 647 811 motus
663 749 772 826 spatio
788 748 924 811 diducta
940 749 1094 812 locorum.

257 879 377 921 -oam
392 878 488 936 saepe
503 858 538 920 in
554 859 628 921 colli
644 859 817 921 tondentes
832 858 957 936 pabula
970 858 1057 920 laeta

300 968 466 1046 lanigerae
484 974 619 1046 reptant
637 969 779 1046 pecudes
796 988 861 1045 quo
878 988 976 1045 quam
983 976 1120 1051 <que>
1141 971 1297 1029 uocantes

301 1078 449 1141 inuitant
464 1079 584 1141 herbae
601 1085 802 1156 gemmantes
818 1097 891 1140 rore
908 1074 1042 1153 recenti,

301 1194 333 1252 et
350 1188 463 1250 satiati
479 1188 556 1264 agni
572 1188 696 1250 ludunt
709 1187 893 1264 blandeque
910 1193 1092 1249 coruscant.

302 1298 411 1360 omnia
426 1317 509 1375 quae
524 1297 618 1360 nobis
633 1297 729 1374 longe
744 1296 883 1359 confusa
898 1296 1058 1359 uidentur

302 1414 334 1471 et
349 1407 454 1471 ueluti
470 1407 506 1468 in
521 1406 625 1470 uiridi
640 1407 764 1469 candor
780 1406 955 1469 consistere
972 1405 1055 1468 colli.

260 1523 474 1594 -praeterea
491 1536 629 1594 magnae
647 1516 790 1593 legiones
807 1536 880 1578 cum
897 1516 968 1578 loca
985 1535 1084 1577 cursu

303 1647 493 1704 camporum
511 1627 675 1704 complent
692 1626 771 1688 belli
787 1625 963 1687 simulacra
980 1624 1111 1700 cientes,

303 1736 416 1814 fulgor
432 1736 477 1798 ibi
494 1737 536 1799 ad
551 1737 677 1798 caelum
692 1756 725 1797 se
740 1735 829 1798 tollit
843 1741 977 1823 totaque
994 1720 1117 1796 circum

303 1866 377 1909 aere
393 1845 570 1909 renidescit
586 1845 685 1908 tellus
701 1824 879 1922 supterque
896 1843 1007 1906 uirum
1023 1843 1059 1905 ui

304 1956 432 2018 excitur
449 1955 589 2033 pedibus
606 1954 732 2017 sonitus
749 1955 953 2030 clamoreque
970 1931 1097 2015 montes

303 2065 361 2127 icti
378 2064 538 2128 reiectant
553 2084 650 2127 uoces
664 2065 707 2126 ad
723 2063 833 2126 sidera
847 2062 963 2125 mundi

304 2183 336 2237 et
353 2173 620 2237 circumuolitant
638 2172 764 2250 equites
778 2172 965 2261 mediosque
982 2178 1116 2248 repente

304 2284 498 2347 tramittunt
516 2283 630 2346 ualido
648 2283 833 2360 quatientes
850 2280 971 2360 impete
990 2300 1130 2358 campos.

262 2402 337 2458 -et
354 2402 465 2456 tamen
482 2399 530 2457 est
548 2392 682 2471 quidam
699 2393 789 2454 locus
807 2391 884 2454 altis
900 2390 1066 2475 montibus
1088 2390 1251 2460 <unde>

305 2510 392 2567 stare
408 2503 567 2566 uidentur
584 2510 617 2566 et
631 2502 667 2563 in
682 2501 806 2578 campis
822 2500 998 2563 consistere
1015 2499 1137 2576 fulgor.

607 2871 657 2920 DE
680 2869 825 2919 FIGVRA
847 2867 1065 2918 ATOMORVM

369 2961 465 3022 Nunc
482 2981 541 3038 age
557 2960 623 3023 iam
640 2959 793 3036 deinceps
810 2964 1005 3021 cunctarum
1022 2955 1158 3018 exordia
1173 2975 1285 3016 rerum

307 3070 418 3147 qualia
434 3070 501 3132 sint
517 3078 548 3133 et
565 3090 663 3146 quam
678 3069 774 3146 longe
790 3067 951 3130 distantia
968 3066 1085 3128 formis

307 3179 449 3257 percipe,
466 3178 657 3255 multigenis
674 3198 772 3255 quam
789 3178 856 3239 sint
873 3176 1006 3239 uariata
1020 3174 1153 3252 figuris3

265 3310 374 3351 —non
389 3308 454 3365 quo
469 3290 575 3351 multa
590 3309 710 3365 parum
726 3286 825 3349 simili
842 3286 908 3348 sint
925 3284 1078 3363 praedita
1095 3283 1213 3359 forma,

306 3400 363 3461 aed
380 3398 457 3475 quia
472 3419 539 3461 non
554 3399 653 3474 uolgo
668 3397 763 3474 paria
780 3395 930 3458 omnibus
947 3394 1056 3457 omnia
1072 3397 1233 3456 constant.

308 3529 367 3572 *nec
382 3507 520 3583 mirum3
536 3528 613 3569 nam
629 3527 702 3569 cum
718 3506 761 3568 sit
778 3526 889 3569 eorum
906 3503 1000 3581 copia
1015 3510 1111 3565 tanta

307 3625 346 3681 ut
361 3638 466 3694 neque
482 3617 566 3693 finis,
583 3616 634 3679 uti
650 3615 756 3692 docui,
772 3635 876 3691 neque
893 3633 1019 3675 summa
1034 3612 1078 3674 sit
1094 3611 1172 3686 ulla,

308 3730 428 3791 debent
441 3727 599 3788 nimirum
615 3746 681 3787 non
697 3725 846 3788 omnibus
863 3722 972 3786 omnia
987 3726 1140 3799 prorsum

308 3858 374 3899 esse
390 3837 465 3914 pari
480 3836 537 3898 filo
550 3835 713 3912 similique
729 3834 861 3897 adfecta
875 3833 992 3909 figura.

319 3968 369 4019 322
379 3968 452 4029 vala.
469 3967 549 4018 velut
