3234 4686
647 455 698 505 DE
716 455 849 505 RERVM
866 455 1021 505 NATVBA
1044 455 1084 506 Π

356 755 473 818 Cetera
489 775 572 833 quac
587 755 660 818 fieri
675 755 709 816 in
725 756 824 819 terris
839 757 991 833 caeloque
1006 763 1145 820 tuentur

354 865 517 941 mortales,
534 865 668 943 pauidis
683 886 757 927 cum
772 867 919 944 pendent
933 866 1096 928 mentibu’
1112 886 1218 943 saepe,

354 980 387 1037 et
403 974 534 1037 faciunt
550 974 675 1037 animos
691 975 825 1037 humilis
842 975 1020 1038 formidine
1037 975 1149 1037 diuom

354 1084 587 1161 depressosque
605 1092 762 1162 premunt
779 1086 821 1147 ad
838 1092 963 1147 terram
980 1091 1157 1162 propterea
1174 1085 1263 1162 quod

354 1193 543 1271 ignorantia
561 1214 735 1257 causarum
753 1194 904 1257 conferre
921 1194 1058 1257 deorum

354 1302 441 1381 cogit
456 1305 498 1366 ad
514 1303 690 1381 imperium
705 1323 757 1365 res
772 1311 804 1366 et
819 1304 994 1366 concedere
1009 1324 1157 1380 regnum.

340 1412 495 1490 [quorum
512 1434 648 1491 operum
664 1433 779 1476 causas
795 1413 890 1476 nulla
906 1412 1034 1476 ratione
1050 1412 1165 1477 uidere

354 1530 492 1601 possunt
508 1544 546 1586 ac
560 1522 633 1584 fieri
649 1522 763 1586 diuino
778 1522 914 1585 numine
930 1523 1062 1601 rentur]

354 1652 431 1695 11111
446 1634 528 1696 bene
545 1632 603 1710 qui
621 1632 765 1696 didicere
783 1633 859 1696 deos
876 1653 1028 1695 securum
1046 1653 1142 1710 agere
1159 1652 1284 1709 aeuom,

272 1812 275 1818 ,
353 1742 381 1804 11
396 1750 507 1805 tamen
523 1742 649 1806 interea
665 1742 831 1805 mirantur
847 1763 914 1819 qua
929 1742 1057 1806 ratione

354 1872 502 1929 quaeque
518 1852 588 1930 geri
604 1852 741 1930 possint,
758 1851 953 1930 praesertim
969 1854 1067 1915 rebus
1082 1852 1118 1913 in
1134 1851 1200 1914 illis

354 1982 437 2039 quae
453 1982 573 2039 supera
589 1969 690 2040 caput
705 1961 860 2024 aetheriis
875 1969 1059 2024 cernuntur
1074 1961 1109 2023 in
1125 1961 1200 2037 oris,

353 2092 469 2134 rursus
485 2071 520 2132 in
537 2072 691 2149 antiquas
707 2071 903 2134 referuntur
919 2071 1088 2149 religionis
1117 2058 1120 2063 ⁴

353 2187 386 2243 11
401 2181 551 2243 dominos
566 2181 651 2244 acris
666 2181 863 2257 adsciscunt,
881 2181 990 2244 omnia
1006 2201 1098 2258 posse

354 2311 434 2369 quos
450 2291 560 2354 miseri
578 2292 728 2367 credunt,
745 2290 855 2369 ignari
872 2290 952 2368 quid
970 2298 1069 2368 queat
1087 2311 1163 2367 esse,

354 2400 435 2479 quid
451 2407 601 2478 nequeat,
618 2400 713 2463 finita
730 2407 874 2478 potestas
891 2400 1031 2477 denique
1049 2400 1166 2477 cuique

353 2531 496 2589 quanam
513 2510 556 2572 sit
572 2510 700 2574 ratione
717 2517 816 2587 atque
832 2512 898 2574 1111
914 2510 1076 2573 terminus
1091 2511 1247 2585 haerens;

310 2640 419 2698 -quo
434 2620 538 2697 magis
555 2626 704 2683 errantes
721 2640 815 2683 caeca
832 2619 960 2682 ratione
978 2619 1145 2683 feruntur.

354 2751 437 2808 quae
453 2729 518 2791 nisi
533 2729 662 2807 respuis
678 2751 718 2792 ex
734 2729 844 2792 animo
859 2730 1019 2806 longeque
1035 2728 1177 2792 remittis

353 2839 405 2901 dis
421 2839 559 2916 indigna
576 2846 694 2916 putare
712 2839 883 2916 alienaque
899 2837 990 2917 pacis
1006 2858 1127 2915 eorum,

353 2948 499 3012 delibata
514 2950 612 3012 deum
628 2970 688 3027 per
704 2956 736 3012 te
752 2948 814 3011 tibi
830 2948 968 3011 numina
984 2956 1098 3011 sancta

353 3079 449 3137 saepe
466 3060 622 3135 oberunt;
639 3079 705 3121 non
722 3079 788 3135 quo
800 3057 921 3120 uiolari
937 3078 1064 3120 summa
1079 3059 1177 3120 deum
1192 3057 1246 3120 uis

353 3168 465 3246 possit,
482 3175 521 3231 ut
538 3189 578 3231 ex
593 3167 645 3231 ira
661 3188 783 3246 poenas
800 3174 911 3245 petere
928 3167 1056 3230 inbibat
1073 3167 1167 3243 acris,

353 3279 409 3340 sed
425 3277 503 3355 quia
518 3284 589 3340 tute
605 3277 667 3340 tibi
681 3277 813 3355 placida
829 3298 903 3339 cum
919 3297 998 3354 pace
1015 3277 1141 3353 quietos

353 3388 532 3451 constitues
548 3407 683 3465 magnos
701 3386 827 3449 irarum
844 3387 978 3449 uoluere
996 3386 1125 3462 fluctus,

352 3518 412 3560 nec
426 3498 565 3560 delubra
580 3497 678 3559 deum
694 3496 825 3573 placido
839 3517 913 3558 cum
929 3503 1059 3573 pectore
1076 3495 1191 3571 adibis,

353 3628 412 3670 nec
429 3608 469 3670 de
485 3626 621 3685 corpore
638 3626 722 3683 quae
738 3612 853 3668 sancto
868 3605 1044 3668 simulacra
1061 3604 1219 3667 feruntur

353 3717 387 3778 in
405 3723 529 3778 mentes
545 3716 714 3778 hominum
732 3714 866 3778 diuinae
883 3714 1003 3777 nuntia
1021 3714 1156 3790 formae,

352 3826 517 3903 suscipere
534 3827 613 3888 haec
631 3824 733 3887 animi
750 3823 932 3901 tranquilla
950 3844 1030 3902 pace
1047 3823 1182 3886 ualebis

309 3936 429 3999 —inde
445 3935 559 3997 uidere
574 3934 650 3997 licet
667 3934 774 4011 qualis
791 3933 856 3996 iam
871 3933 944 3996 uita
960 3938 1127 4010 sequatur.

381 4067 414 4115 66
425 4064 532 4116 rationi

382 4135 414 4183 71
425 4133 546 4183 oderunt
