3234 4686
561 476 591 524 T.
612 473 775 525 LVGRETI
794 472 884 523 CARI

186 688 273 768 ignis
290 689 377 750 enim
393 688 525 751 eurauit
540 694 579 751 ut
595 688 677 751 alsia
692 707 831 765 eorpora
846 686 957 764 frigus

186 819 253 862 non
269 799 319 861 ita
333 799 399 861 iam
415 804 548 875 possent
564 797 646 860 oaeli
661 799 722 860 sub
738 796 881 875 tegmine
897 795 997 871 ferre,

186 916 218 970 et
234 909 348 970 Venus
364 906 522 969 inminuit
539 906 623 969 uiris
639 905 799 984 puerique
816 912 993 983 parentum

185 1016 358 1080 blanditiis
376 1016 475 1080 faoile
492 1016 663 1094 ingenium
680 1015 810 1093 fregere
827 1016 1016 1092 superbum.

144 1130 266 1189 —tuno
281 1133 314 1188 et
329 1125 505 1189 amioitiem
520 1131 700 1202 eoeperunt
714 1124 850 1201 iungere
866 1130 1000 1187 auentes

185 1236 320 1298 finitimi
334 1235 422 1298 inter
437 1255 471 1298 se
485 1255 544 1298 neo
559 1235 688 1297 laedere
703 1254 762 1296 neo
776 1232 912 1309 uiolare,
946 1300 948 1303 ,

184 1354 217 1408 et
236 1365 358 1423 pueros
374 1346 645 1408 commendarunt
663 1342 885 1420 muliebreque
904 1343 1055 1417 saeelum,

184 1455 322 1517 uoeibus
338 1462 371 1518 et
387 1460 483 1532 gestu
499 1475 574 1516 oum
590 1454 684 1515 balbe
701 1451 927 1530 significarent

184 1564 423 1627 imbecillorum
440 1583 507 1626 esse
524 1583 639 1642 aecum
653 1561 838 1623 misererier
854 1561 968 1637 omnis.

183 1694 245 1737 aec
262 1680 373 1737 tamen
391 1672 587 1736 omnimodis
603 1678 734 1749 poterat
752 1670 927 1733 eoncordia
944 1670 1046 1748 gigni,

183 1784 242 1845 sed
258 1785 344 1845 bona
358 1802 542 1860 magnaque
559 1802 638 1859 pars
653 1782 808 1843 seruabat
824 1779 960 1842 foedera
975 1785 1079 1855 easte;

184 1899 245 1955 aut
261 1912 364 1970 genus
380 1893 562 1954 humanum
579 1891 644 1953 iam
660 1898 733 1953 tum
749 1889 836 1952 foret
854 1909 948 1952 omne
965 1895 1173 1966 peremptum

183 2021 244 2064 neo
260 2001 421 2079 potuisset
437 2001 546 2063 adhue
562 2001 742 2077 perduoere
757 1999 864 2062 saeela
879 2017 1037 2076 propago.
1142 2081 1146 2089 .

247 2112 294 2174 At
309 2110 421 2173 uarios
436 2110 569 2187 linguae
584 2109 711 2172 sonitus
726 2116 850 2171 natura
864 2107 993 2185 subegit

182 2220 316 2284 mittere
330 2227 363 2283 et
377 2219 507 2282 utilitas
522 2218 682 2297 expressit
697 2218 830 2281 nomina
845 2238 966 2294 rernm,

182 2350 251 2392 non
266 2329 333 2393 alia
348 2330 443 2406 longe
460 2329 588 2392 ratione
605 2336 704 2406 atque
721 2327 793 2405 ipsa
809 2327 945 2390 uidetur

182 2440 378 2517 protrahere
394 2440 437 2502 ad
453 2444 581 2517 gestum
597 2458 716 2516 pueros
732 2436 880 2500 infantia
895 2437 1038 2514 linguae,

183 2569 259 2611 eum
275 2547 358 2610 faoit
374 2555 413 2610 ut
429 2548 536 2626 digito
551 2567 634 2625 quae
651 2547 718 2609 sint
735 2546 923 2624 praesentia
939 2552 1108 2609 monstret.

139 2657 284 2720 —sentit
301 2657 387 2721 enim
402 2657 455 2719 uis
469 2656 606 2735 quisque
622 2677 698 2719 suas
714 2657 802 2733 quod
817 2656 920 2734 possit
937 2654 1039 2719 abuti.

182 2787 309 2830 cornua
323 2774 403 2829 nata
420 2765 514 2844 prius
530 2767 640 2829 uitulo
655 2786 754 2844 quam
771 2765 939 2828 frontibus
956 2749 1078 2842 extent

182 2876 250 2938 illis
265 2877 373 2938 iratus
388 2876 473 2954 petit
490 2881 589 2953 atque
605 2875 747 2938 infestus
764 2876 907 2953 inurget.

182 2993 218 3048 at
234 2985 337 3048 eatuli
354 2987 593 3063 pantherarum
609 2984 799 3062 soymnique
816 2986 947 3047 leonum

146 3120 152 3130 ·
181 3095 352 3172 unguibus
367 3115 404 3158 ao
419 3095 558 3173 pedibus
575 3095 640 3157 iam
656 3103 728 3157 tum
744 3114 919 3171 morsuque
935 3100 1134 3172 repugnant,

181 3204 241 3267 uix
257 3204 357 3267 etiam
374 3225 448 3267 eum
464 3211 543 3267 sunt
560 3204 676 3266 dentes
691 3224 882 3281 unguesque
900 3204 1012 3267 oreati.

182 3315 324 3376 alituum
341 3333 441 3391 porro
457 3334 563 3391 genus
577 3314 637 3376 alis
654 3334 748 3376 omne
764 3313 915 3376 uidemus

181 3423 283 3487 fidere
298 3428 332 3485 et
347 3443 367 3487 a
382 3422 495 3501 pinnis
509 3423 688 3486 tremulum
704 3430 815 3500 petere
832 3422 1039 3486 auxiliatum.

138 3532 321 3610 —proinde
339 3539 459 3610 putare
477 3532 619 3609 aliquem
636 3540 708 3594 tum
725 3532 858 3595 nomina
874 3532 1080 3595 distribuisse

181 3645 278 3705 rebus
295 3649 328 3703 et
345 3641 422 3704 inde
438 3642 584 3704 homines
602 3641 753 3704 didicisse
769 3643 932 3705 uocabula
947 3642 1065 3720 prima,

181 3752 371 3830 desiperent.
410 3772 487 3813 nam
502 3771 562 3813 eur
576 3751 630 3813 hie
646 3758 753 3829 posset
770 3758 889 3814 ennete
905 3758 1021 3817 notare

175 3891 241 3941 1020
252 3891 325 3952 vata.
342 3891 447 3940 violari

175 3959 241 4008 1032
251 3959 324 4020 vulg.
342 3962 493 4007 monstrent

175 4026 240 4076 1033
251 4027 324 4088 vala.
340 4026 434 4090 quoad

175 4095 240 4144 1038
251 4095 320 4157 sort.
335 4108 421 4158 prope
435 4093 490 4142 iam
