3234 4684
557 428 587 478 Τ.
607 428 769 478 LVCBETI
787 428 876 479 canl

181 640 328 719 denique
341 662 400 705 nos
415 641 480 720 ipsi
494 643 834 720 caeeisquaecumque
848 642 992 706 tenebris

181 751 363 829 tangimus,
378 753 469 815 haud
483 752 552 815 ullo
566 753 724 815 sentimus
739 752 846 815 tincta
860 752 975 815 colore.

182 862 275 938 quod
291 861 447 938 quoniam
462 861 561 925 uinco
575 861 657 938 fieri,
674 882 763 924 nunc
778 854 846 925 esse
862 861 983 924 docebo

182 991 225 1034 ex
242 969 377 1034 ineunte
394 991 477 1034 aeuo
491 972 584 1035 nullo
600 971 775 1034 coniuncta
791 970 907 1033 colore.

251 1164 365 1228 Omnis
382 1164 469 1228 enim
486 1164 574 1227 color
591 1163 725 1227 omnino
740 1171 891 1228 mutatur
908 1164 943 1225 in
961 1164 1083 1240 omnis;

182 1275 275 1352 quod
288 1274 397 1337 faeere
411 1274 500 1336 haud
515 1274 586 1336 ullo
597 1274 718 1336 debent
733 1272 916 1351 primordia
931 1281 1045 1352 pacto;

181 1383 390 1446 immutabile
409 1383 495 1444 enim
513 1383 672 1461 quiddam
690 1402 846 1462 superare
865 1390 1034 1460 necessest,

182 1512 226 1554 ne
242 1512 294 1555 res
310 1493 352 1555 ad
368 1491 510 1554 nihilum
525 1492 722 1571 redigantur
739 1492 895 1555 funditus
911 1513 1029 1556 omnes.

165 1603 264 1678 (nam
281 1603 508 1680 quodcumque
524 1602 592 1665 suis
607 1610 773 1665 mutatum
788 1602 910 1665 finibus
926 1602 1003 1679 exit,

182 1711 344 1774 continuo
358 1713 419 1774 hoc
435 1731 522 1774 mors
537 1719 585 1774 est
603 1712 693 1775 illius
709 1713 796 1790 quod
813 1712 881 1775 fuit
898 1714 1001 1787 ante.)

524 1818 691 1869 OOLORES
714 1819 795 1869 NON
818 1819 908 1869 ESSE

135 1905 326 1984 -proinde
341 1907 447 1970 colore
462 1928 541 1971 caue
557 1908 729 1986 contingas
745 1908 870 1971 semina
883 1928 1004 1985 rerum,

181 2036 226 2079 ne
242 2015 304 2079 tibi
318 2036 370 2080 res
384 2019 522 2081 redeant
537 2019 580 2081 ad
595 2018 701 2080 nilum
716 2018 872 2081 funditus
887 2038 1006 2081 omnes

250 2211 426 2275 Praeterea
443 2211 471 2273 si
488 2212 581 2275 nulla
600 2212 716 2275 coloris
735 2212 910 2290 principiis
929 2219 977 2276 est

182 2320 320 2384 reddita
334 2329 458 2384 natura
472 2329 504 2384 et
519 2321 623 2384 uariis
638 2329 716 2384 sunt
733 2323 885 2400 praedita
901 2321 1027 2398 formis,

183 2452 202 2494 e
218 2430 337 2507 quibus
353 2431 546 2508 omnigenus
561 2432 703 2509 gignunt
718 2432 918 2509 uariantque
934 2432 1065 2508 colores,

166 2541 359 2619 (praeterea
376 2540 489 2617 magni
506 2542 593 2617 quod
609 2541 714 2604 refert
728 2542 855 2604 semina
872 2561 1019 2619 quaeque

183 2671 261 2713 cum
278 2650 398 2726 quibus
412 2657 444 2713 et
461 2650 552 2727 quali
567 2651 717 2728 positura
733 2651 966 2714 contineantur
1047 2702 1053 2715 ,

183 2767 219 2822 et
232 2779 313 2836 quos
328 2760 415 2822 inter
429 2780 461 2822 se
477 2761 556 2822 dent
571 2767 679 2822 motus
694 2760 955 2838 accipiantque),

183 2869 346 2947 perfacile
362 2870 526 2947 extemplo
540 2870 702 2933 rationem
718 2871 856 2933 reddere
871 2870 984 2948 possis,

183 2999 246 3042 eur
261 2998 395 3056 eaquae
410 2979 506 3057 nigro
521 2979 650 3042 fuerint
665 2980 766 3057 paulo
779 2987 855 3043 ante
871 2980 986 3057 colore,

182 3108 369 3152 marmoreo
381 3089 453 3152 fieri
467 3096 605 3167 possunt
619 3091 760 3153 candore
775 3097 928 3167 repente3

183 3205 224 3261 ut
239 3219 339 3275 mare,
356 3219 430 3262 cum
446 3199 557 3277 magni
574 3207 779 3262 commorunt
795 3219 937 3276 aequora
952 3199 1055 3276 uenti,

183 3308 332 3371 uertitur
346 3307 381 3370 in
396 3329 493 3372 canos
509 3309 664 3372 candenti
679 3329 839 3372 marmore
855 3309 984 3371 fluctus.

184 3418 295 3482 dicere
310 3418 397 3480 enim
412 3419 525 3496 possis
540 3419 673 3497 nigrum
690 3420 777 3496 quod
792 3439 887 3496 saepe
903 3419 1064 3495 uidemus

183 3528 340 3591 materies
354 3529 411 3591 ubi
427 3528 592 3606 permixta
605 3537 653 3592 est
669 3528 758 3591 illius
772 3535 804 3592 et
820 3529 900 3590 ordo

184 3638 362 3717 principiis
377 3645 526 3701 mutatus
542 3646 575 3701 et
591 3638 706 3702 addita
720 3639 920 3716 demptaque
937 3639 1107 3715 quaedam,

184 3747 343 3811 continuo
359 3740 395 3809 id
409 3748 481 3811 fieri
497 3755 535 3810 ut
551 3750 694 3811 candens
710 3748 866 3810 uideatur
882 3755 914 3811 et
931 3749 1051 3811 album.

139 3858 274 3935 -quod
289 3857 317 3919 si
332 3857 491 3920 caeruleis
506 3864 694 3919 constarent
710 3877 852 3933 aequora
868 3857 962 3935 ponti

197 3997 248 4046 759
259 3997 330 4057 vulp.
346 4012 424 4047 omne
439 4012 525 4063 genus

197 4065 247 4113 760
257 4064 330 4125 outo.
348 4069 499 4130 propterea

198 4132 248 4182 765
259 4132 330 4194 voto.
345 4132 451 4196 possint
