3190 4682
507 461 537 509 Y.
557 460 719 510 croam
737 461 826 511 CARI

195 843 369 921 Principio
386 844 541 920 quoniam
557 850 690 921 tenuem
706 850 855 928 constare
871 844 1009 908 minutis

130 952 328 1030 corporibus
343 954 440 1016 docui
454 955 622 1031 multoque
638 953 821 1016 minoribus
836 975 903 1018 esse

130 1061 311 1140 principiis
328 1062 453 1126 factam
469 1083 567 1140 quam
583 1063 731 1141 liquidus
746 1084 842 1126 umor
858 1064 957 1141 aquai

130 1177 189 1233 aut
206 1173 332 1236 nebula
348 1179 407 1235 aut
425 1172 538 1235 fumus
561 1173 654 1248 (nam
672 1174 768 1250 longe
785 1173 968 1237 mobilitate

129 1289 282 1358 praestat
300 1288 332 1344 11
349 1303 369 1345 1
384 1282 478 1345 tenui
495 1303 593 1345 causa
609 1282 714 1360 magis
730 1283 796 1346 icta
813 1290 975 1361 mouetur,

131 1391 258 1469 quippe
275 1391 333 1454 ubi
349 1391 549 1468 imaginibus
566 1392 652 1454 fumi
667 1393 869 1470 nebulaeque
885 1400 1055 1469 mouetur;
1239 1392 1290 1441 430

132 1502 220 1577 quod
237 1521 341 1578 genus
356 1502 391 1562 in
406 1501 528 1564 somnis
543 1501 642 1579 sopiti
657 1502 715 1564 ubi
730 1502 895 1565 cernimus
911 1503 976 1567 alte

131 1611 264 1674 exalare
281 1631 438 1688 uaporem
455 1611 575 1674 altaria
592 1611 745 1689 ferreque
762 1611 909 1690 fumum;

91 1739 208 1781 —nam
224 1720 342 1798 procul
356 1721 436 1783 haec
451 1720 553 1783 dubio
567 1721 660 1784 nobis
676 1721 852 1784 simulacra
868 1724 1047 1799 geruntur)
1063 1749 1070 1785 z

91 1848 219 1892 —nunc
235 1829 341 1907 igitur
356 1830 512 1907 quoniam
527 1831 689 1908 quassatis
703 1830 850 1908 undique
865 1831 955 1894 uasis

131 1937 278 2002 diffluere
292 1959 439 2003 umorem
454 1947 486 2003 et
502 1940 632 2003 laticem
648 1941 813 2005 discedere
829 1943 935 2004 cernis

131 2053 162 2109 11
177 2049 302 2112 nebula
317 2070 355 2112 ac
371 2049 485 2112 fumus
502 2051 656 2127 quoniam
673 2051 813 2113 discedit
829 2051 865 2112 in
882 2072 990 2129 auras,

131 2158 224 2221 crede
243 2158 387 2222 animam
405 2163 533 2237 quoque
550 2160 695 2223 diffundi
711 2162 880 2238 multoque
898 2162 1007 2240 perire

131 2265 218 2329 ocius
236 2274 269 2331 et
288 2267 386 2330 citius
403 2267 540 2331 dissolui
562 2269 671 2340 <in>
693 2289 832 2347 corpora
849 2270 967 2349 prima,

132 2394 204 2437 cum
220 2378 320 2440 semel
336 2399 376 2440 ex
391 2378 532 2440 hominis
549 2379 702 2442 membris
719 2381 830 2442 ablata
846 2380 988 2443 recessit.

93 2485 254 2564 —quippe
271 2486 392 2549 etenim
409 2508 537 2566 eorpus,
555 2490 643 2566 quod
659 2510 719 2551 uas
735 2490 829 2566 quasi
846 2490 994 2552 constitit
1010 2489 1089 2566 eius
1235 2488 1287 2537 440

132 2613 204 2656 cum
219 2596 370 2660 cohibere
385 2598 501 2674 nequit
516 2606 769 2676 conquassatum
784 2621 824 2662 ex
840 2600 951 2677 aliqua
967 2620 1002 2663 re

132 2722 168 2765 ac
183 2705 388 2768 rarefactum
404 2708 552 2770 detracto
569 2709 729 2786 sanguine
744 2709 848 2785 uenis,

133 2831 204 2877 aere
220 2816 279 2892 qui
294 2817 408 2878 credas
423 2836 516 2894 posse
531 2818 616 2880 hanc
632 2819 813 2882 cohiberier
829 2820 907 2895 ullo,

133 2940 265 3001 corpore
283 2924 340 3002 qui
357 2933 470 2988 nostro
486 2946 584 2989 rarus
599 2928 704 3004 magis
721 2927 912 2991 incohibens
927 2930 991 2992 siti

94 3106 251 3164 ANIMVM
268 3115 316 3165 ΕΤ
335 3116 478 3167 CORPVS
497 3116 617 3167 SIMVL
636 3118 750 3169 11ΑὸοΙ
768 3119 816 3169 ΕΤ
836 3119 1027 3171 GRESCERE
1045 3121 1093 3170 ET
1112 3119 1233 3170 SIMVL

566 3203 751 3254 INTERIRE

192 3287 369 3353 Praeterea
385 3290 477 3368 gigni
493 3291 620 3370 pariter
637 3313 711 3355 cum
727 3313 863 3370 corpore
879 3301 911 3357 et
927 3315 996 3357 una
1233 3292 1284 3340 445

132 3413 271 3460 crescere
288 3399 447 3463 sentimus
465 3401 655 3478 pariterque
673 3422 837 3465 senescere
854 3410 1006 3466 mentem.

133 3521 205 3568 eam
220 3510 315 3572 uelut
331 3508 462 3573 infirmo
476 3510 572 3588 pueri
588 3494 765 3599 teneroque
780 3519 950 3589 uagantur

134 3631 273 3694 corpore,
289 3618 336 3681 sic
353 3619 454 3681 animi
471 3619 620 3697 sequitur
635 3620 800 3711 sententia
816 3612 934 3712 tenuis.

133 3719 206 3788 inde
220 3728 278 3790 ubi
294 3729 438 3792 robustis
453 3729 599 3792 adoleuit
615 3730 744 3793 uiribus
761 3737 860 3807 aetas,

135 3835 300 3899 consilium
317 3858 444 3916 quoque
460 3838 567 3901 maius
584 3845 616 3900 et
633 3840 761 3902 auctior
778 3847 826 3902 est
843 3840 945 3902 animi
960 3840 1021 3903 uis.
1231 3839 1282 3889 450

133 3950 202 4014 post
216 3947 274 4009 ubi
289 3948 354 4010 iam
368 3947 491 4010 ualidis
507 3954 698 4024 quamatum
715 3955 763 4012 111
778 3949 908 4012 uiribus
924 3950 997 4013 aeui

135 4067 245 4130 eorpus
261 4064 293 4119 et
310 4057 434 4119 obtusis
449 4057 639 4120 ceciderunt
654 4058 784 4149 uiribus
800 4064 902 4143 artus,
963 4044 966 4047 ’

144 4188 246 4244 4441111
261 4196 316 4246 alia
656 4232 713 4283 [95]
