3234 4686
540 461 570 510 Y.
591 461 754 513 LVGRETI
774 462 863 513 CARI

166 683 199 739 et
216 696 440 753 quaecumque
456 676 491 738 in
508 697 546 740 eo
560 684 632 740 tum
648 677 716 740 sint
731 679 893 756 deprensa
909 680 1056 742 tumultu

166 785 304 863 nauigia
321 785 355 847 in
372 806 535 849 summum
552 786 694 849 ueniunt
710 795 830 851 uexata
848 788 1017 866 periclum.

167 897 227 957 boc
243 895 281 958 fit
298 895 356 958 ubi
372 895 540 959 interdurn
557 917 623 959 non
640 897 713 974 quit
730 897 782 959 uis
798 897 900 960 incita
916 897 1010 961 uenti

166 1025 321 1082 rumpere
338 1026 437 1082 quam
456 1005 563 1083 coepit
580 1008 710 1082 nubem,
728 1008 784 1068 sed
803 1006 970 1084 deprimit,
987 1014 1026 1070 ut
1044 1007 1087 1070 sit

167 1114 203 1175 in
218 1134 309 1177 mare
326 1116 367 1179 de
385 1116 475 1178 caelo
491 1122 659 1193 tamquam
677 1116 817 1179 demissa
835 1118 996 1193 columna,

167 1224 340 1301 paulatim,
359 1224 453 1302 quasi
471 1225 552 1303 quid
570 1244 684 1304 pugno
700 1225 878 1303 brachique
897 1246 1038 1304 superne

167 1334 317 1397 coniectu
332 1336 492 1398 trudatur
508 1342 541 1399 et
557 1337 756 1399 extendatur
772 1335 807 1396 in
824 1337 949 1412 undas;

168 1464 273 1520 quam
284 1465 357 1507 curn
374 1444 517 1521 discidit,
535 1445 611 1508 hinc
628 1445 860 1523 prorumpitur
878 1446 913 1507 in
930 1466 1019 1508 mare
1036 1446 1129 1510 uenti

167 1553 220 1615 uis
236 1559 268 1616 et
284 1553 450 1618 feruorem
467 1554 587 1617 mirum
604 1555 780 1618 concinnat
796 1555 832 1616 in
847 1555 964 1633 undis;

169 1664 398 1726 uersabundus
414 1664 500 1725 enim
517 1665 616 1727 turbo
631 1664 799 1727 descendit
816 1672 848 1728 et
864 1664 955 1728 illam

169 1773 303 1836 deducit
320 1773 448 1850 pariter
464 1775 644 1855 lentocum
661 1795 797 1852 corpore
813 1776 951 1852 nubem;

169 1903 268 1959 quam
284 1882 382 1945 simul
399 1904 437 1946 ac
453 1884 627 1961 grauidam
644 1884 786 1947 detrusit
803 1885 844 1947 ad
863 1905 1005 1962 aequora
1022 1886 1126 1963 ponti,

170 1992 224 2056 ille
239 1993 275 2053 in
291 2013 411 2070 aquam
425 1993 536 2061 subito
551 2000 657 2056 totum
674 2014 707 2057 se
723 1993 864 2057 inmittit
880 2002 912 2058 et
928 2015 1022 2060 omne
1098 2034 1103 2045 ι

170 2102 291 2164 excitat
308 2101 436 2179 ingenti
453 2102 563 2166 sonitu
580 2124 669 2166 mare
687 2103 818 2166 feruere
836 2124 962 2182 cogens.

170 2210 214 2287 fit
231 2231 359 2288 quoque
373 2219 412 2274 ut
429 2211 580 2276 inuoluat
596 2212 691 2275 uenti
707 2234 740 2276 se
756 2205 899 2276 nubibus
916 2214 986 2292 ipse

170 2328 285 2382 uertex
303 2322 484 2384 conradens
501 2344 541 2385 ex
558 2342 632 2385 aere
650 2323 774 2386 semina
791 2324 889 2386 nubis

171 2438 202 2492 et
221 2431 314 2507 quasi
333 2431 508 2494 demissum
527 2434 617 2495 caelo
634 2440 783 2510 prestera
801 2433 960 2497 imitetur.

130 2539 223 2602 -hic
240 2540 297 2603 ubi
315 2561 348 2602 se
366 2540 401 2602 in
418 2547 525 2604 terras
543 2542 673 2605 demisit
691 2542 918 2620 dissoluitque,

171 2649 315 2712 turbinis
331 2650 496 2714 inmanem
513 2651 581 2713 uim
600 2652 766 2729 pronomit
784 2658 883 2729 atque
901 2653 1072 2730 procellae.

171 2759 226 2820 sed
243 2760 321 2836 quia
335 2760 373 2822 fit
388 2781 466 2823 raro
481 2761 613 2823 omnino
628 2761 812 2838 montisque
828 2769 987 2825 necessest

171 2869 295 2932 officere
311 2869 468 2946 interris,
486 2878 626 2948 apparet
643 2870 790 2934 crebrius
806 2871 892 2934 idem

172 2986 347 3056 prospectu
362 2979 463 3042 maris
479 2980 514 3041 in
530 3001 649 3058 magno
664 2981 817 3057 caeloque
833 2981 972 3058 patenti.

579 3257 629 3307 DE
652 3258 821 3308 NVBIBVS

233 3345 355 3407 Nubila
372 3353 594 3422 concrescunt,
611 3346 669 3408 ubi
687 3366 825 3424 corpora
841 3348 947 3409 multa
964 3345 1106 3408 uolando

171 3454 230 3516 hoc
246 3474 346 3531 super
363 3454 397 3516 in
414 3454 496 3517 caeli
513 3456 621 3532 spatio
637 3456 741 3519 coiere
759 3463 894 3534 repente

172 3564 347 3640 asperiora,
365 3564 465 3626 moris
482 3584 565 3641 quae
583 3565 709 3642 possint
726 3565 924 3642 indupedita

172 3673 297 3750 exiguis
312 3681 424 3737 tamen
440 3674 528 3737 inter
543 3694 576 3736 se
593 3694 784 3752 comprensa
799 3675 914 3737 teneri.

182 3805 233 3853 430
243 3806 315 3866 culp.
331 3806 451 3856 veniant

183 3872 234 3920 434
243 3872 401 3937 brachiique

182 3939 233 3987 447
243 3940 382 4003 procellat
412 3962 415 3968 <

182 4007 316 4067 452ca19.
331 4021 429 4070 supero

183 4074 232 4122 453
243 4073 331 4124 modis
