3234 4684
707 456 737 505 Τ.
756 456 919 506 LVGRETI
936 457 1025 508 CARI

335 668 495 732 sensimus
511 668 625 731 infuso
639 669 852 747 lympharum
868 689 942 734 rore
959 691 1110 748 superne.

335 798 438 856 usqne
455 779 537 841 adeo
552 778 587 839 in
603 780 701 842 rebus
716 779 813 842 solidi
829 779 914 841 nihil
930 799 997 842 esse
1013 779 1159 843 uidetur.

726 971 898 1022 SOLIDVM
914 971 1005 1022 Essa

336 1058 401 1122 Sed
418 1059 496 1136 quia
511 1081 593 1123 uera
608 1067 718 1122 tamen
735 1060 822 1124 ratio
838 1068 1024 1137 naturaque
1041 1081 1153 1123 rerum

335 1169 432 1246 cogit,
449 1170 534 1245 adea,
552 1170 666 1247 paucis
681 1171 761 1232 dum
775 1170 927 1232 uersibus
942 1170 1154 1247 expediamus

335 1298 403 1341 esse
419 1298 555 1356 eaquae
572 1279 674 1342 solido
691 1286 790 1357 atque
806 1286 941 1343 aeterno
956 1300 1091 1357 corpore
1108 1286 1267 1356 constent,

335 1380 459 1451 semina
476 1409 560 1466 quae
577 1410 688 1452 rerum
706 1389 952 1467 primordiaque
971 1409 1038 1452 esse
1055 1390 1217 1466 docemus,

335 1499 424 1561 unde
439 1498 543 1560 omnis
558 1519 669 1561 rerum
684 1519 773 1561 nunc
789 1506 914 1561 constet
930 1519 1057 1561 summa
1072 1505 1192 1561 ereata.

355 1608 568 1685 -Principio
589 1607 744 1685 quoniam
765 1610 889 1686 duplex
909 1614 1030 1671 natura
1051 1609 1194 1671 duarum

336 1717 504 1779 dissimilis
522 1738 633 1780 rerum
651 1719 747 1796 longe
765 1726 914 1781 constare
933 1725 1106 1795 repertast,

320 1827 493 1905 (corporiS,
511 1833 609 1905 atque
626 1828 689 1891 loci
705 1848 757 1890 res
773 1828 809 1890 in
825 1848 892 1905 qno
907 1848 1054 1905 quaeque
1072 1827 1251 1905 geruntur)

336 1956 403 2000 esse
419 1943 595 2014 utramque
611 1938 673 2000 sibi
689 1958 749 2014 per
766 1958 798 2001 se
815 1958 999 2015 puramque
1015 1944 1184 2000 necessest.

335 2066 412 2108 nam
429 2067 633 2124 quacumque
650 2053 750 2111 uacat
766 2048 920 2125 spatium,
939 2047 1027 2124 quod
1044 2047 1142 2110 inane
1159 2067 1324 2124 nocemus,

336 2176 457 2233 corpus
473 2178 509 2219 ea
526 2177 592 2218 non
609 2163 675 2233 est;
693 2177 758 2234 qua
776 2177 875 2234 porro
892 2177 1030 2234 eumque
1047 2163 1138 2219 tenet
1155 2177 1188 2220 se

336 2285 465 2344 corpus,
482 2285 520 2329 ea
535 2286 678 2329 uacuum
695 2287 902 2344 nequaquam
920 2273 1048 2329 constat
1065 2266 1173 2329 inane.

293 2381 414 2437 —sunt
431 2375 535 2453 igitur
551 2376 657 2438 solida
673 2397 711 2439 ac
728 2376 797 2439 sine
814 2376 907 2438 inani
924 2395 1063 2453 corpora
1079 2375 1197 2453 prima.

293 2492 508 2561 —praeterea
523 2486 678 2562 quoniam
694 2485 815 2563 genitis
830 2486 864 2546 in
880 2488 978 2548 rebus
994 2485 1133 2562 inanest,

336 2594 505 2657 materiem
522 2595 645 2657 circum
662 2595 800 2657 solidam
817 2602 966 2658 constare
983 2601 1152 2672 necessest,

336 2724 395 2766 nec
413 2724 464 2766 res
480 2705 549 2767 ulla
566 2712 673 2782 potest
690 2725 770 2767 uera
788 2705 915 2767 ratione
933 2705 1067 2781 probari

336 2833 471 2891 corpore
489 2814 587 2877 inane
604 2835 663 2876 suo
679 2815 784 2878 celare
802 2820 901 2892 atque
918 2814 1011 2876 intus
1025 2814 1154 2890 habere,

336 2923 364 2984 si
379 2942 455 2999 non,
473 2924 560 3000 quod
577 2923 714 3000 cohibet,
732 2924 873 2986 solidum
889 2931 1038 2986 constare
1054 2923 1230 3001 relinquas.

335 3032 371 3094 id
387 3053 487 3110 porro
501 3033 586 3095 nihil
602 3053 668 3097 esse
684 3040 792 3110 potest
808 3034 872 3096 nisi
887 3033 1040 3096 materiai

336 3142 519 3219 concilium,
536 3144 624 3219 quod
640 3143 737 3205 inane
753 3150 852 3220 queat
868 3164 979 3206 rerum
995 3143 1153 3205 cohibere.

293 3252 488 3315 -materies
506 3252 619 3329 igitur,
637 3253 741 3316 solido
758 3274 842 3330 quae
859 3273 994 3330 corpore
1012 3258 1150 3329 constat,

336 3381 403 3424 esse
420 3369 554 3425 aeterna
569 3369 686 3439 potest,
704 3383 778 3425 cum
796 3370 904 3425 cetera
921 3362 1156 3424 dissoluantur.

294 3475 408 3534 —tum
424 3491 525 3548 porro
539 3472 566 3533 si
582 3472 630 3533 nil
647 3479 729 3535 esset
747 3473 834 3549 quod
850 3472 949 3535 inane
965 3479 1108 3547 uacaret,

337 3601 430 3643 omne
447 3580 533 3643 foret
550 3581 708 3658 solidum3
726 3582 790 3644 nisi
807 3588 922 3645 contra
939 3601 1077 3658 corpora
1094 3586 1184 3643 certa

337 3697 443 3753 essent
459 3711 542 3767 quae
557 3692 627 3754 loca
643 3693 843 3769 complerent
860 3711 1082 3769 quaecumque
1098 3696 1258 3767 tenerent,

337 3820 430 3861 omne
447 3801 534 3877 quod
550 3807 598 3862 est
614 3800 769 3878 spatium,
786 3821 929 3863 uacuum
947 3805 1112 3862 constaret
1129 3799 1236 3862 inane.

294 3909 474 3972 -alternis
490 3909 595 3987 igitur
612 3909 769 3972 nimirum
787 3929 906 3987 corpus
923 3909 1016 3973 inani

336 4015 531 4081 distinctum
548 4020 702 4096 quoniam
720 4040 779 4082 nec
796 4020 930 4096 plenum
947 4019 1080 4081 nauiter
1097 4024 1188 4081 extat

336 4149 395 4190 nee
411 4147 510 4205 porro
524 4149 677 4191 uacuum.
714 4135 792 4191 sunt
808 4148 886 4205 ergo
900 4147 1038 4205 corpora
1054 4134 1143 4190 certa

839 4241 897 4293 [18]
