3190 4682
645 481 697 531 Da
715 481 847 530 RERVM
864 480 1020 531 NATVRA
1039 481 1082 530 IV

352 715 411 758 nec
429 702 566 773 possunt
582 695 668 758 oculi
683 703 839 759 naturam
855 715 986 758 noscere
1002 716 1123 758 rerum.

309 804 492 883 -proinde
509 805 612 869 animi
628 805 749 868 uitium
765 807 825 868 hoc
843 805 945 868 oculis
962 805 1129 883 adfingere
1146 805 1224 869 noli.

800 912 850 961 DE
873 912 963 961 VISV

353 1021 419 1078 qua
435 999 588 1063 uehimur
603 1000 693 1076 naui,
711 1000 831 1077 fertur,
849 1022 923 1063 cum
940 1007 1028 1064 stare
1045 1001 1197 1077 uidetur;

353 1130 436 1187 quac
451 1117 561 1172 manet
577 1109 613 1171 in
628 1110 779 1186 statione,
796 1132 834 1173 ea
850 1118 983 1188 praeter
998 1110 1147 1173 creditur
1163 1111 1221 1173 ire.

352 1226 384 1282 et
400 1219 518 1297 fugere
533 1221 576 1282 ad
592 1219 733 1298 puppim
750 1221 847 1283 colles
863 1220 1035 1298 campique
1051 1220 1211 1283 uidentur

352 1349 434 1407 quos
448 1329 575 1407 agimus
591 1336 723 1407 praeter
739 1350 858 1392 nauem
873 1330 1019 1407 uelisque
1035 1331 1194 1392 uolamus.

351 1439 461 1502 sidera
478 1459 602 1502 cessare
620 1439 775 1502 aetheriis
792 1439 901 1503 adfixa
919 1439 1070 1502 cauernis

351 1555 471 1611 cuncta
488 1548 657 1625 uidentur,
675 1556 707 1610 et
725 1549 864 1611 adsiduo
880 1556 959 1611 sunt·
976 1549 1084 1612 omnia
1101 1555 1202 1626 motu,

351 1658 618 1736 quandoquidem
636 1660 750 1736 longos
769 1659 877 1721 obitus
896 1667 1010 1722 exorta
1027 1658 1188 1736 reuisunt,

351 1787 426 1830 cum
443 1788 614 1846 permensa
631 1788 690 1831 suo
707 1775 785 1830 sunt
802 1769 928 1831 caelum
946 1788 1081 1846 corpore
1098 1769 1196 1831 claro.

350 1878 462 1955 solque
478 1878 553 1955 pari
569 1878 696 1941 ratione
713 1899 845 1941 manere
862 1885 893 1941 et
910 1878 991 1940 luna
1006 1878 1142 1940 uidetur

351 1986 386 2048 in
402 1987 635 2063 statione-ea
651 2007 734 2064 quae
751 1987 835 2048 ferri
851 2007 903 2049 res
920 1987 1045 2050 indicat
1062 1987 1145 2065 ipsa.

351 2103 481 2159 exstant
499 2117 602 2173 usque
620 2098 737 2175 procul
754 2096 862 2159 medio
879 2097 920 2160 de
940 2096 1071 2174 gurgite
1089 2096 1218 2173 montis,

350 2205 508 2268 classibus
524 2206 612 2269 inter
629 2226 710 2284 quos
726 2206 809 2268 liber
827 2213 919 2284 patet
936 2206 1043 2269 exitus
1060 2206 1185 2283 ingens,

350 2315 460 2378 insula
475 2316 658 2378 coniunctis
673 2322 784 2379 tamen
800 2337 840 2379 ex
854 2316 905 2378 his
919 2336 988 2378 una
1002 2316 1148 2378 uidetur.

350 2426 437 2488 utria
452 2426 580 2489 uersari
596 2434 628 2488 et
644 2425 901 2489 circumcursare
918 2426 1086 2487 columnae

349 2555 453 2613 usque
470 2536 552 2599 adeo
568 2534 606 2597 fit
623 2535 674 2598 uti
692 2535 805 2613 pueris
821 2535 1010 2611 uideantur,
1029 2534 1087 2597 ubi
1103 2534 1169 2613 ipsi

350 2644 519 2707 desierunt
535 2645 633 2721 uerti,
651 2644 709 2707 uix
726 2651 764 2707 ut
782 2645 848 2707 iam
865 2645 997 2707 credere
1015 2644 1142 2722 possint

349 2774 416 2842 non
430 2774 532 2831 supra
546 2775 614 2817 sese
629 2775 724 2833 ruere
740 2754 849 2817 omnia
863 2762 951 2817 tecta
965 2753 1095 2816 minari.

348 2863 479 2940 iamque
495 2864 635 2925 rubrum
651 2864 802 2926 tremulis
818 2863 915 2925 iubar
932 2863 1064 2940 ignibus
1081 2862 1206 2940 erigere
1223 2864 1288 2926 alte

349 2994 424 3035 cum
441 2980 572 3050 coeptat
589 2979 713 3036 natura
730 2993 896 3050 supraque
915 2973 1069 3036 extollere
1086 2979 1221 3049 montes,

350 3102 431 3160 quos
447 3082 493 3144 ibi
508 3089 580 3145 tum
596 3103 700 3161 supra
715 3083 763 3144 sol
778 3082 899 3144 montis
915 3102 981 3145 esse
998 3082 1134 3145 uidetur
1175 3130 1182 3143 .

349 3192 529 3254 comminus
547 3192 616 3269 ipse
634 3213 691 3255 suo
709 3192 903 3269 contingens
919 3191 1072 3254 feruidus
1088 3190 1168 3269 igni,

348 3302 408 3364 uix
423 3303 543 3364 absunt
560 3301 653 3363 nobis
669 3301 786 3364 missus
802 3301 852 3363 bis
868 3301 956 3363 mille
973 3301 1123 3378 sagittae,

348 3411 408 3473 uix
425 3411 524 3474 etiam
541 3431 657 3473 cursus
674 3410 871 3488 quingentos
888 3430 984 3487 saepe
1001 3410 1130 3473 ueruti:

349 3521 437 3583 inter
453 3540 505 3583 eos
521 3521 684 3597 solemque
700 3520 807 3582 iacent
824 3519 979 3582 immania
996 3519 1091 3596 ponti

349 3650 492 3707 aequora
509 3632 676 3692 substrata
695 3629 848 3692 aetheriis
867 3628 1057 3705 ingentibus
1075 3628 1150 3704 oris,

348 3738 585 3816 interiectaque
602 3745 680 3801 sunt
696 3746 862 3800 terrarum
878 3737 970 3799 milia
986 3738 1092 3800 multa

349 3868 432 3927 quae
448 3848 562 3911 uariae
577 3849 722 3911 retinent
738 3854 851 3925 gentes
867 3854 899 3910 et
915 3847 1021 3909 saecla
1037 3846 1195 3909 ferarum.

359 3980 409 4030 386
421 3980 488 4041 fort.
504 3978 623 4043 adfigere

358 4048 410 4096 395
420 4048 491 4107 culp.
511 4046 638 4096 videntur

359 4116 409 4164 397
420 4115 618 4177 exstantisque

358 4183 410 4231 406
420 4182 470 4231 ubi
504 4182 576 4241 vulp.
593 4181 649 4231 tibi

843 4246 916 4298 [132]
