3234 4686
554 426 584 474 T.
605 423 768 475 cucurri
788 423 876 474 CARI

180 643 237 705 sed
255 649 348 719 patet
363 639 499 702 immani
515 647 548 703 et
563 647 659 702 uasto
675 645 838 716 respectat
854 637 958 701 hiatu.

332 747 380 797 ET
400 745 549 795 NATIVA
568 745 659 795 ESSE
680 745 761 795 CVM
780 744 868 795 SINT
888 742 1090 793 MORTALIA

182 857 284 914 quare
301 836 400 899 etiam
416 835 534 898 natiue
548 840 747 898 necessumst
765 832 939 895 confiteare

180 947 260 1008 haec
275 946 405 1021 eadem3
419 944 636 1022 nequeenim,
651 943 783 1031 mortali
798 961 934 1020 corpore
949 946 1134 1019 quaesunt,

182 1077 221 1118 ex
236 1054 368 1117 infinito
383 1055 449 1117 iam
463 1062 610 1131 tempore
626 1054 734 1116 adhuc
751 1052 936 1130 potuissent

181 1163 322 1227 inmensi
337 1164 467 1227 ualidas
484 1163 558 1226 aeui
574 1169 779 1225 contemnere
795 1161 893 1223 uires.

144 1422 146 1427 ,
246 1358 396 1435 Denique
412 1365 586 1436 tantopere
603 1357 690 1418 inter
707 1377 740 1418 se
758 1377 832 1418 cum
848 1355 991 1418 maxima
1007 1354 1124 1417 mundi

182 1476 333 1546 pugnent
349 1469 504 1544 membra,
521 1467 578 1545 pio
593 1486 800 1543 nequaquam
817 1465 945 1528 concita
961 1465 1055 1540 belle,

140 1598 291 1640 —aonne
307 1577 401 1639 uides
419 1576 563 1653 aliquam
579 1576 669 1653 longi
687 1575 876 1638 certaminis
894 1574 967 1637 ollis

183 1707 276 1765 posse
290 1687 366 1748 dari
380 1686 488 1763 finem,
505 1687 557 1748 vel
573 1706 647 1748 cum
662 1686 710 1747 sol
726 1692 760 1748 et
774 1704 881 1762 uapor
897 1684 1001 1746 omnis

181 1796 333 1859 omnibus
350 1795 455 1873 epotis
470 1795 639 1858 umoribus
656 1794 908 1871 exsuperarintt

183 1907 271 1984 quod
290 1906 399 1969 facere
416 1905 606 1980 intendunt,
625 1925 730 1981 neque
749 1905 857 1966 adhuc
875 1909 993 1965 conata
1011 1907 1207 1980 patrarunt:

183 2023 314 2078 tantum
332 2014 550 2092 suppeditant
567 2034 677 2076 amnes
694 2014 851 2089 ultraque¹
867 2012 1038 2074 minantur

183 2125 294 2187 omnia
311 2124 476 2187 diluuiare
494 2145 533 2186 ex
551 2124 619 2186 alto
635 2122 767 2201 gurgite
785 2122 889 2199 ponti,

140 2234 392 2311 —nequiquam
411 2232 566 2310 quoniam
582 2240 753 2294 uerrentes
769 2252 912 2308 aequora
927 2230 1020 2293 uenti

184 2343 382 2406 deminuunt
399 2342 567 2419 radiisque
584 2348 734 2405 retexens
754 2340 919 2404 aetherius
937 2341 993 2415 sol,

184 2460 216 2515 et
232 2452 354 2516 siccare
370 2452 465 2530 prius
482 2451 653 2514 confidunt
671 2451 779 2513 omnia
798 2471 890 2528 posse

184 2583 283 2640 quam
299 2562 408 2638 liquor
426 2561 550 2639 incepti
567 2561 672 2639 possit
688 2560 877 2637 contingere
895 2560 1002 2622 finem.

128 2675 316 2734 ¹-tantum
334 2671 499 2749 spirantes
516 2691 620 2748 aequo
637 2670 815 2733 certamine
832 2671 954 2732 bellum

189 2782 314 2854 <inter
333 2791 404 2852 se>
426 2780 554 2858 magnis
574 2781 614 2843 de
633 2781 730 2843 rebus
749 2800 881 2843 cernere
901 2785 1039 2854 certant,

184 2910 258 2952 cum
275 2890 373 2951 semel
390 2889 517 2952 interea
535 2889 640 2951 fuerit
658 2888 869 2966 superantior
888 2887 974 2965 ignis

185 3006 217 3061 et
231 2999 339 3074 semel,
355 3005 393 3061 ut
409 2998 501 3061 fama
515 3005 573 3075 est,
589 3017 685 3060 umor
700 2997 849 3075 regnarit
866 2997 900 3058 in
918 2997 1017 3059 aruis

169 3108 271 3185 (ignis
288 3107 375 3171 enim
391 3107 563 3185 superauit
579 3114 612 3170 et
629 3108 762 3169 ambens
776 3108 883 3169 multa
899 3106 1051 3183 perussit,

418 3214 468 3264 DE
491 3212 752 3263 PHAE'PHONTE
776 3212 881 3262 SOLIS
906 3211 1009 3261 FILIO

185 3303 262 3366 auia
276 3324 350 3365 cum
365 3303 573 3364 Phaethonta
588 3322 693 3379 rapax
707 3302 759 3364 uis
774 3301 850 3363 solis
866 3321 1024 3378 equorum

185 3414 316 3475 aethere
332 3411 482 3489 raptauit
498 3418 569 3473 1010
583 3417 753 3487 terrasque
770 3431 829 3488 per
846 3411 959 3473 omnis.

185 3530 218 3585 01
234 3530 331 3600 pater
346 3521 552 3598 omnipotens
568 3520 705 3582 iratum
721 3519 867 3597 percitus
883 3519 951 3582 acri

185 3630 432 3709 magnanimum
449 3630 657 3693 Phaethonta
673 3630 803 3707 repenti
821 3629 972 3691 fulminis
989 3628 1058 3690 ictu

186 3739 378 3804 deturbauit
396 3739 488 3816 equis
504 3739 540 3800 in
557 3746 689 3814 terram,
708 3739 819 3815 solque
837 3738 968 3800 cadenti

185 3851 301 3913 obuius
318 3856 486 3912 aeternam
501 3849 648 3926 succepit
663 3849 818 3925 lampada
833 3847 950 3909 mundi

195 3982 245 4031 385
255 3984 410 4046 patrantur

196 4050 245 4099 393
256 4049 306 4098 0111
321 4048 432 4112 magnis
450 4048 558 4105 <inter
572 4062 634 4104 se>
651 4048 694 4096 cet
710 4045 794 4096 rebus
812 4047 920 4104 <inter
935 4049 998 4103 se>

196 4118 245 4167 396
256 4117 329 4177 vulp.
345 4119 457 4179 superat
472 4119 500 4165 et
515 4114 637 4165 lambens

680 4200 753 4251 [177]
