3190 4682
575 445 605 494 T.
626 444 789 496 LVGBETI
808 443 897 495 CARI

483 653 715 705 CORPOREAM
736 655 827 705 ESSE
848 654 981 706 VOCEM

203 742 403 820 Corpoream
420 763 548 822 quoque
566 744 653 807 enim
676 753 861 815 <uocem>
884 750 1033 806 constare
1051 743 1258 806 fatendumst

161 932 166 941 ὴ
202 858 234 914 et
251 852 405 928 sonitum,
423 852 578 930 quoniam
595 860 733 931 possunt
749 853 907 931 inpellere
925 873 1047 916 sensus.

159 968 375 1038 -praeterea
390 962 480 1024 radit
496 982 562 1024 uox
579 962 692 1025 fauces
708 982 803 1040 saepe
820 962 967 1039 facitque

202 1071 371 1148 asperiora
388 1070 478 1134 foras
494 1072 650 1149 gradiens
665 1072 789 1135 arteria
805 1073 936 1135 clamor.

202 1180 328 1258 quippe
347 1201 406 1258 per
423 1188 601 1259 angustum
618 1182 718 1244 turba
735 1181 858 1244 maiore
876 1188 987 1244 coorta

201 1289 251 1353 ire
268 1289 359 1352 foras
375 1290 432 1352 ubi
448 1297 626 1368 coeperunt
643 1290 825 1368 primordia
841 1311 968 1366 uocum,

201 1399 326 1462 scilicet
344 1399 483 1477 expletis
499 1379 627 1477 quoque
644 1400 745 1463 ianua
762 1400 894 1462 raditur
912 1400 986 1462 oris.

158 1509 293 1572 —haud
310 1509 414 1587 igitur
431 1509 599 1572 dubiumst
617 1509 810 1587 quinvuoces
826 1511 992 1586 uerbaque
1009 1515 1158 1572 constent

200 1619 367 1696 corporeis
383 1638 399 1680 e
417 1618 599 1696 principiis,
616 1626 654 1681 ut
670 1619 799 1681 laedere
815 1619 951 1696 possint.

201 1728 270 1791 Nec
285 1734 318 1791 te
333 1727 424 1790 fallit
441 1728 519 1791 item
535 1728 616 1806 quid
633 1727 780 1805 corporis
796 1727 929 1791 auferat
946 1735 978 1791 et
995 1727 1076 1806 quid

200 1837 357 1900 detrahat
375 1858 415 1900 ex
432 1838 601 1900 hominum
618 1837 732 1899 neruis
749 1859 786 1900 ac
803 1837 933 1900 uiribus
951 1837 1032 1915 ipsis

201 1953 385 2024 perpetuus
401 1966 508 2009 sermo
524 1947 634 2025 nigrai
651 1947 756 2009 noctis
774 1948 817 2009 ad
833 1947 984 2010 umbram

201 2075 342 2118 aurorae
361 2058 541 2134 perductus
560 2058 600 2119 ab
619 2056 784 2118 exoriente
802 2057 919 2132 nitore,

201 2165 398 2243 praesertim
414 2166 442 2227 si
459 2186 533 2228 oum
550 2173 706 2229 summost
724 2167 863 2229 clamore
881 2165 1048 2243 profusus.

158 2295 282 2353 —ergo
297 2295 486 2353 corpoream
503 2295 615 2338 uocem
633 2282 782 2338 constare
799 2282 967 2351 necessest,

200 2386 308 2447 multa
325 2386 461 2462 loquens
477 2385 632 2463 quoniam
648 2385 773 2448 amittit
790 2387 829 2448 de
846 2405 982 2463 corpore
999 2393 1137 2463 partem.

201 2493 366 2572 asperitas
382 2501 492 2557 autem
508 2495 598 2557 uocis
614 2494 652 2556 fit
669 2497 710 2557 ab
728 2495 905 2573 asperitate

201 2603 445 2682 principiorum
462 2612 493 2667 et
511 2604 589 2667 item
606 2605 698 2667 leuor
715 2605 825 2667 leuore
842 2612 985 2667 creatur.

201 2732 262 2775 neo
279 2712 379 2774 simili
396 2720 572 2791 penetrant
590 2714 681 2776 auris
697 2713 881 2791 primordia
897 2713 1015 2789 forma,

201 2842 277 2885 cum
292 2823 374 2885 tuba
387 2824 540 2901 depresso
555 2823 703 2900 grauiter
718 2824 778 2885 sub
793 2844 962 2886 murmure
976 2822 1082 2900 mugit

202 2939 237 2995 et
252 2932 366 2994 reboat
381 2953 519 2995 raucum
535 2932 692 2995 retrocita
707 2933 850 2996 barbara
865 2933 1028 3008 bombum,

202 3048 236 3104 et
250 3041 356 3103 ualidi
370 3042 465 3118 cycni
481 3050 581 3105 cantu
596 3042 662 3104 oris
677 3063 716 3105 ex
731 3042 900 3104 Heliconis

202 3171 278 3213 curn
293 3150 454 3229 liquidam
470 3152 592 3214 tollunt
607 3151 742 3228 lugubri
757 3171 836 3213 uoce
852 3152 1040 3229 querellam.

266 3361 374 3423 Hasce
391 3361 495 3439 igitur
512 3361 646 3439 penitus
660 3381 756 3424 uoces
772 3382 847 3424 cum
863 3381 998 3439 corpore
1015 3368 1128 3424 nostro

203 3470 418 3548 exprimimus
435 3478 586 3549 rectoque
604 3470 696 3533 foras
713 3471 893 3535 emittimus
910 3490 974 3547 ore,

203 3580 331 3642 mobilis
349 3580 505 3642 articulat
521 3580 699 3642 uerborum
714 3581 855 3643 daedala
871 3580 987 3657 lingua

205 3688 454 3767 formaturaque
472 3689 640 3751 labrorum
658 3709 720 3766 pro
737 3696 832 3767 parte
850 3689 982 3767 figurat.

161 3799 272 3875 —boc,
287 3798 346 3861 ubi
360 3817 428 3860 non
443 3799 577 3876 longum
593 3798 770 3876 spatiumst
785 3799 874 3862 unde
890 3798 948 3861 illa
964 3797 1114 3876 profecta

214 3930 264 3979 532
274 3931 348 3992 vulp.
361 3928 463 3993 expleti

214 3999 265 4048 544
274 3999 348 4058 vulp.
364 3996 528 4061 Berecyntia

214 4068 264 4117 545
274 4066 382 4117 validis
396 4066 474 4117 necti
489 4066 575 4117 tortis

214 4136 263 4185 553
274 4134 347 4195 vulp.
362 4148 417 4185 una
