3234 4686
503 420 505 423 ’
568 444 891 502 nzwmmemi

193 665 462 742 quandoquidem
478 665 614 743 sapiunt
631 664 738 728 alieno
754 684 793 726 ex
809 683 863 727 ore
880 670 1064 741 petuntque

194 796 248 838 res
264 797 304 839 ex
320 775 444 838 auditis
460 774 572 853 potius
588 795 687 852 quam
703 768 851 837 sensibus
868 773 963 853 ipsis!

195 904 255 947 nec
269 884 373 962 magis
389 884 423 945 id
438 905 527 946 nnnc
542 891 590 947 est
606 904 710 961 neque
727 883 790 945 erit
804 903 879 945 mox
895 902 993 959 quam
1009 881 1076 943 fuit
1092 887 1178 944 ante.

215 995 351 1072 -Ergo
368 994 501 1072 regibus
520 993 632 1056 occisis
650 995 808 1055 subuersa
827 992 953 1055 iacebat

196 1103 339 1181 pristina
356 1103 508 1165 maiestas
525 1103 681 1166 soliorum
698 1111 731 1166 et
748 1109 879 1180 sceptra
895 1102 1047 1179 superba,

195 1219 229 1276 et
246 1212 364 1290 capitis
380 1212 498 1275 summi
515 1213 723 1290 praeclarum
740 1211 868 1289 insigne
885 1218 1059 1273 cruentum

86 1314 90 1323 ’
196 1324 257 1384 sub
274 1322 414 1400 pedibus
429 1322 519 1400 uolgi
535 1342 691 1399 magnum
708 1322 842 1398 lugebat
858 1321 1031 1396 honorem;

181 1431 275 1508 (nam
290 1431 409 1509 cupide
425 1432 636 1494 conculcatur
651 1430 750 1492 nimis
765 1438 841 1494 ante
857 1430 1051 1505 metutum).

154 1561 248 1603 -res
265 1541 376 1618 itaque
392 1542 435 1604 ad
451 1561 611 1603 summam
626 1540 751 1602 faecem
766 1540 946 1616 turbasque
962 1538 1102 1614 redibat,

197 1650 373 1728 imperium
388 1650 451 1712 sibi
467 1670 595 1712 cumae
611 1656 810 1711 summatum
827 1648 964 1725 quisque
981 1649 1122 1726 petebat.

196 1760 274 1823 inde
290 1759 521 1837 magistratum
537 1758 661 1837 partim
677 1759 815 1821 docuere
831 1778 941 1820 creare

197 1870 336 1947 iuraque
354 1869 562 1945 constituere,
581 1875 620 1931 ut
637 1869 762 1931 uellent
780 1868 907 1944 legibus
926 1867 986 1929 uti.
1063 1878 1071 1895 “

182 1980 275 2055 (nam
290 1999 393 2056 genus
407 1980 597 2054 humanum,
613 1977 778 2040 defessum
792 1977 828 2039 ui
843 1978 947 2039 colere
961 1996 1085 2052 aeuom,

198 2110 237 2151 ex
253 2087 436 2151 inimicitiis
451 2089 646 2165 languebat;
664 2091 730 2164 quo
744 2086 850 2163 magis
865 2086 974 2164 ipsum

197 2203 314 2276 sponte
329 2218 390 2263 sua
405 2197 523 2260 cecidit
538 2198 598 2259 sub
614 2198 702 2274 leges
717 2203 854 2272 artaque
871 2196 972 2271 iura.)

198 2307 307 2370 acrius
322 2328 363 2370 ex
377 2305 430 2370 ira
445 2307 532 2384 quod
549 2306 635 2370 enim
651 2326 684 2369 se
699 2294 837 2383 quisque
853 2306 994 2382 parabat

198 2416 311 2478 ulcisci
329 2436 427 2493 quam
444 2437 533 2478 nunc
551 2421 768 2478 concessumst
785 2414 912 2491 legibus
931 2413 1051 2491 aequiS,

199 2526 283 2588 hanc
298 2527 338 2587 ob
352 2546 421 2588 rem
435 2532 484 2587 est
498 2525 646 2587 homines
660 2531 847 2602 pertaesum
861 2523 898 2586 ui
913 2524 1017 2586 colere
1032 2543 1156 2585 aeuom.

158 2635 276 2696 —o'nde
292 2641 399 2697 metus
414 2635 558 2696 maculat
575 2654 755 2712 poenarum
773 2633 920 2711 praemia
936 2633 1035 2695 uitae.

199 2743 403 2807 circumretit
419 2743 506 2807 enim
521 2744 574 2806 uis
590 2751 688 2820 atque
705 2742 829 2805 iniuria
846 2762 1006 2819 quemque

199 2860 307 2931 atque,
325 2853 414 2915 unde
430 2859 584 2928 exortast,
603 2854 646 2915 ad
663 2872 737 2914 cum
753 2853 946 2930 plerumque
963 2851 1126 2927 reuertit„

199 2983 258 3026 nec
276 2962 406 3025 facilest
423 2961 589 3040 placidam
606 2982 644 3024 ac
661 2968 813 3039 pacatam
830 2962 948 3038 degere
965 2961 1070 3022 uitam

200 3072 257 3149 qui
271 3072 376 3135 uiolat
391 3071 491 3134 factis
507 3070 692 3134 communia
707 3070 843 3133 foedera
859 3070 958 3148 pacis.

201 3181 261 3244 etsi
279 3181 369 3244 fallit
387 3181 474 3244 enim
493 3181 604 3243 diuom
623 3201 726 3257 genus
743 3181 998 3257 humanumque,

200 3297 361 3369 perpetuo
378 3296 489 3353 tamen
505 3290 540 3351 id
558 3290 629 3352 fore
649 3291 732 3352 clam
750 3289 896 3351 diffidere
915 3290 1028 3364 debet;

200 3400 324 3478 quippe
339 3400 397 3462 ubi
413 3420 446 3463 se
461 3399 559 3461 multi
575 3419 634 3476 per
651 3398 776 3461 somnia
792 3418 888 3476 saepe
903 3399 1074 3475 loquentes

201 3516 258 3572 aut
275 3511 389 3571 morbo
404 3509 583 3571 delirantes
601 3515 757 3586 protraxe
775 3507 930 3570 ferantur

101 3655 103 3659 ν
200 3625 232 3682 et
248 3620 353 3682 celata
373 3624 498 3691 <tot>
518 3618 554 3679 in
570 3617 715 3680 medium
732 3624 764 3679 et
781 3623 915 3695 peccata
933 3616 1069 3679 dedisse.
1286 3615 1354 3663 1160

228 3724 412 3790 QVOMODO
432 3723 651 3775 HOMINIBVS
672 3723 822 3774 INNA'PA
840 3722 899 3773 SIT
919 3722 1080 3773 DEORVM
1098 3722 1231 3774 OPINIO

262 3814 359 3876 Nunc
376 3824 459 3891 quae
477 3833 575 3876 cause
592 3814 690 3875 deum
707 3832 767 3889 per
783 3832 919 3889 magnas
936 3810 1074 3874 numina
1091 3812 1198 3889 gentis

201 3922 406 4001 peruolgarit
421 3929 454 3984 et
469 3943 604 3985 ararum
619 3921 833 3999 compleuerit
848 3921 940 3983 urbis

174 4052 475 4116 ‚nmuu<m>
