3234 4684
506 508 558 558 Dr
576 507 707 557 RERVM
725 507 879 558 Narras
900 507 916 557 Ι

621 735 672 785 DE
690 735 821 785 ANIMA

190 824 366 902 ignoratur
384 824 472 888 enim
492 845 575 902 quae
594 824 638 887 sit
657 831 780 887 natura
800 823 932 900 animai,

191 942 272 997 nata
287 934 331 997 sit
347 955 391 998 an
407 941 523 997 contra
538 934 749 997 nascentibus
766 934 964 1009 insinuetur,

191 1050 224 1107 et
239 1043 338 1106 simul
352 1044 494 1107 intereat
509 1043 678 1106 nobiscum
693 1050 798 1107 morte
812 1043 988 1120 dirempta,

191 1174 235 1216 an
249 1154 401 1216 tenebras
417 1153 495 1216 Orci
509 1153 598 1216 uisat
613 1159 789 1230 uastasque
804 1153 950 1229 lacunas,

192 1283 235 1325 an
251 1263 393 1340 pecudes
408 1262 490 1326 alias
506 1262 672 1325 diuinitus
687 1262 833 1325 insinuet
849 1283 892 1339 se,

144 1372 322 1435 -Ilnnius
336 1378 375 1435 ut
390 1380 502 1465 noster
517 1371 636 1435 cecinit
652 1371 710 1449 qui
726 1372 854 1450 primus
869 1391 1005 1434 amoeno

191 1481 311 1545 detulit
327 1502 368 1545 ex
383 1481 542 1545 Helicone
559 1481 697 1560 perenni
713 1480 833 1543 fronde
850 1500 1012 1558 coronam,

190 1611 251 1669 per
264 1591 372 1669 gentis
385 1592 490 1654 Italas
501 1591 671 1654 hominum
686 1611 769 1668 quae
784 1591 874 1654 clara
889 1591 1022 1653 clueret.

196 1701 273 1776 (etsi
289 1707 460 1779 praeterea
474 1706 586 1763 tamen
601 1720 668 1764 esse
684 1699 867 1763 Acherusia
883 1701 1007 1778 templa

190 1809 322 1872 Ennius
336 1809 478 1875 aeternis
493 1810 628 1888 exponit
642 1809 794 1873 uersibus
809 1809 916 1886 edens,

190 1939 255 1997 quo
270 1940 376 1997 neque
394 1927 610 1997 permaneant
628 1919 756 1983 animae
774 1940 879 1997 neque
897 1939 1036 1997 corpora
1053 1925 1176 1996 nostra,

188 2030 247 2091 sed
264 2030 425 2106 quaedam
442 2029 619 2092 simulacra
637 2029 743 2092 modis
760 2028 920 2107 pallentia
938 2028 1048 2105 miris3

189 2140 277 2202 unde
294 2138 357 2202 sibi
373 2146 520 2202 exortam
537 2159 665 2217 semper
682 2138 830 2202 florentis
845 2138 983 2201 Homeri

189 2255 419 2311 commemorat
438 2249 578 2327 speciem
597 2248 750 2311 lacrimas
770 2248 940 2311 effundere
959 2249 1060 2311 salsas

189 2357 331 2435 coepisse
349 2365 381 2421 et
399 2379 510 2421 rerum
526 2366 682 2421 naturam
700 2359 886 2436 expandere
904 2357 1028 2434 dietis.)

253 2551 465 2630 Quapropter
479 2553 560 2615 bene
575 2573 650 2615 cum
664 2552 793 2630 superis
808 2553 849 2616 de
863 2554 961 2616 rebus
974 2552 1126 2616 habenda

189 2660 283 2723 nobis
296 2667 344 2723 est
358 2660 454 2738 ratio,
469 2660 546 2724 solis
559 2662 722 2739 lunaeque
737 2669 864 2724 meatus

189 2790 255 2846 qua
269 2769 351 2833 fiant
365 2770 504 2847 ratione,
520 2777 551 2834 et
567 2791 633 2848 qua
647 2771 683 2833 ui
697 2791 845 2848 quaeque
860 2777 1020 2848 gerantur

188 2878 224 2940 in
237 2878 346 2956 terris,
360 2886 432 2942 tum
447 2900 522 2943 cum
536 2879 654 2961 primis
668 2880 795 2943 ratione
811 2880 921 2958 sagaci

188 2989 277 3052 unde
293 2988 403 3052 anima
418 2996 517 3067 atque
534 2989 637 3053 animi
652 2995 779 3053 constet
794 2995 918 3052 natura
932 2989 1125 3067 uidendum,

188 3103 220 3160 et
237 3117 320 3175 quae
336 3117 388 3160 res
403 3098 497 3161 nobis
512 3098 731 3176 uigilantibus
746 3098 844 3162 obuia
860 3107 985 3162 mentes

187 3207 345 3270 terrificet
361 3209 475 3271 morbo
491 3207 633 3271 adiectis
649 3227 825 3285 somnoque
842 3208 991 3286 sepultis,

188 3336 320 3379 cernere
334 3316 386 3379 uti
400 3316 575 3380 uideamur
591 3336 644 3379 eos
660 3316 839 3394 audireque
855 3337 974 3394 coram,

187 3432 291 3489 morte
307 3425 396 3489 obita
411 3445 551 3503 quorum
566 3426 665 3489 tellus
680 3426 893 3504 amplectitur
908 3447 989 3490 ossa.

255 3619 338 3695 (Nec
354 3641 406 3683 me
422 3619 524 3682 animi
541 3620 633 3683 fallit
651 3619 827 3684 Graiorum
845 3622 982 3684 obscura
999 3628 1132 3699 reperta

187 3727 317 3791 difficile
334 3728 513 3792 inlustrare
529 3729 659 3792 Latinis
675 3729 826 3793 uersibus
843 3750 910 3792 esse

146 3838 291 3901 —multa
306 3838 403 3901 nouis
417 3838 530 3901 uerbis
544 3839 739 3916 praesertim
755 3860 829 3902 cum
844 3838 887 3902 sit
904 3840 1111 3917 agendum—
1201 3894 1204 3901 .

189 3953 324 4024 propter
339 3954 515 4026 egestatem
529 3947 662 4025 linguae
676 3955 709 4011 et
724 3969 836 4011 rerum
850 3948 1050 4025 nouitatem;

200 4085 248 4133 122
258 4085 307 4135 alla·
320 4086 378 4136 alta

200 4169 248 4219 126
258 4171 326 4233 fort.
342 4171 468 4236 pandere
