3190 4682
538 471 568 520 Τ.
589 470 753 523 mauri
772 470 861 521 clar

163 687 199 748 in
216 686 388 763 medioque
406 686 478 750 sitit
495 687 636 749 torrenti
654 687 789 752 flumine
807 694 935 764 potans,

162 797 210 860 sio
227 797 263 858 in
280 817 389 862 amore
405 799 519 860 Venus
535 797 720 860 simulacris
736 797 822 860 ludit
839 796 981 861 amantis

162 926 223 969 nee
239 907 361 970 satiare
378 913 504 985 queunt
521 908 701 984 spectando
717 927 855 984 corpora
871 927 979 970 eoram

162 1037 223 1079 neo
240 1016 393 1079 manibus
410 1016 586 1094 quiequam
604 1016 726 1079 teneris
743 1017 901 1079 abradere
918 1015 1071 1079 membris

162 1132 302 1204 possunt
320 1133 469 1189 errantes
488 1126 607 1189 incerti
626 1145 761 1203 corpore
779 1132 858 1189 toto.

117 1235 307 1313 -denique
324 1256 399 1298 eum
414 1236 568 1299 membris
585 1235 723 1299 conlatis
739 1236 818 1298 flore
836 1235 1000 1298 fruuntur

163 1345 292 1421 aetatis,
312 1345 377 1408 iam
395 1366 469 1408 oum
487 1345 654 1423 praesagit
672 1345 794 1423 gaudia
813 1365 932 1422 eorpus

162 1462 264 1532 atque
279 1454 315 1516 in
330 1462 399 1519 eost
413 1457 526 1518 Venus
541 1461 579 1517 ut
593 1454 769 1517 muliebria
782 1461 931 1517 conserat
947 1474 1039 1531 arua,

161 1564 317 1643 adfigunt
335 1565 432 1628 auide
450 1585 570 1642 eorpus
587 1565 795 1642 iunguntque
813 1564 935 1627 salinas
982 1632 987 1641 ,

161 1674 229 1737 oris
247 1681 279 1738 et
296 1674 463 1752 inspirant
479 1682 665 1753 pressantes
681 1674 836 1737 dentibus
851 1693 918 1750 ora,

116 1783 373 1861 —nequiquam
394 1783 547 1861 quoniam
567 1784 651 1854 nihil
670 1784 746 1845 inde
766 1784 924 1847 abradere
943 1790 1081 1861 possunt

159 1914 222 1957 neo
238 1900 414 1971 penetrare
431 1901 464 1957 et
480 1892 570 1957 abire
586 1894 621 1954 in
637 1913 756 1972 eorpus
773 1913 908 1970 eorpore
925 1900 1011 1970 toto;

160 2024 240 2066 nam
258 2002 367 2066 faeere
384 2002 552 2065 interdurn
569 2004 653 2066 uelle
671 2010 702 2065 et
719 2009 845 2065 certare
862 2003 1038 2066 uidentur:

143 2115 268 2190 (usque
284 2113 366 2175 adeo
381 2112 500 2191 cupide
517 2113 552 2174 in
567 2112 707 2176 Veneris
722 2113 934 2190 compagibus
949 2113 1096 2189 haerent,

158 2223 309 2285 membra
326 2222 511 2301 uoluptatis
530 2223 608 2284 dum
626 2222 662 2285 ui
679 2221 844 2285 labefacta
862 2221 1079 2300 liquescunt).

159 2332 298 2395 tandem
313 2332 372 2394 ubi
387 2352 420 2395 se
438 2331 549 2409 erupit
566 2332 678 2395 neruis
695 2333 841 2395 conlecta
858 2332 988 2410 cupido,

158 2462 271 2520 parua
288 2441 326 2503 fit
343 2441 472 2504 ardoris
488 2441 627 2504 uiolenti
645 2462 749 2520 pausa
767 2462 956 2520 parumper.

159 2552 240 2614 inde
258 2549 345 2614 redit
360 2550 467 2614 rabies
483 2552 595 2614 eadem
612 2558 644 2613 et
660 2550 757 2613 furor
772 2551 828 2615 ille
844 2551 970 2627 reuisit,

158 2682 237 2724 eum
255 2659 317 2722 sibi
334 2662 421 2738 quod
438 2660 575 2738 cupiant
593 2661 657 2739 ipsi
674 2661 863 2737 contingere
881 2668 1055 2737 quaerunt,

158 2791 221 2834 neo
237 2770 385 2848 reperire
400 2771 523 2833 malum
539 2770 574 2832 id
589 2778 726 2849 possunt
744 2791 827 2847 quae
842 2770 995 2833 maehina
1010 2770 1140 2845 uineat;

157 2899 267 2957 usque
283 2879 364 2942 adeo
379 2879 497 2942 ineerti
512 2881 684 2942 tabescunt
700 2881 833 2942 uolnere
850 2900 953 2943 oaeoo.

225 3073 324 3136 Adde
342 3075 430 3150 quod
450 3075 628 3137 absumunt
647 3073 730 3136 uiris
749 3080 954 3151 pereuntque
973 3074 1094 3150 labore,

158 3183 248 3247 adde
265 3183 351 3260 quod
369 3182 506 3245 alterius
521 3184 581 3245 sub
598 3190 684 3245 nutu
700 3183 833 3260 degitur
850 3190 948 3246 aetas.

159 3291 289 3356 labitur
305 3291 431 3355 interea
446 3313 498 3355 res
513 3300 544 3356 et
561 3292 763 3369 Babylonica
778 3293 873 3367 fiunt,

158 3404 324 3479 languent
343 3401 446 3464 officia
464 3408 563 3478 atque
583 3409 732 3478 aegrotat
751 3402 841 3464 fama
860 3401 1031 3465 uacillans.

159 3515 178 3583 i
195 3517 370 3588 unguenta
386 3517 418 3573 et
435 3511 575 3589 pulohra
591 3511 626 3572 in
643 3511 782 3587 pedibus
800 3510 954 3587 Sicyonia
970 3511 1091 3586 rident,

158 3621 286 3684 seilicet
302 3626 334 3682 et
350 3620 491 3697 grandes
507 3619 610 3681 uiridi
625 3641 699 3682 oum
715 3621 786 3682 luee
802 3620 969 3698 zmaragdi

159 3750 244 3794 auro
262 3730 483 3791 includuntur
499 3729 685 3806 teriturque
702 3729 883 3793 thalassina
901 3729 1003 3793 uestis

160 3839 299 3903 adsidue
317 3845 350 3901 et
366 3837 506 3900 Veneris
522 3840 674 3901 sudorem
692 3838 834 3901 exercita
852 3845 955 3916 potat.

160 3956 193 4013 et
209 3951 291 4012 bene
308 3955 406 4025 parta
424 3953 557 4025 patrum
574 3948 659 4011 fiunt
676 3949 881 4025 anademata,
898 3948 1025 4024 mitrae,

154 4081 222 4130 1118
233 4080 306 4139 vulp.
323 4078 390 4143 quid

154 4148 222 4197 1125
233 4149 301 4211 fort.
318 4146 446 4196 sandalia

657 4243 731 4295 [157]
