3234 4686
676 456 728 506 Da
745 456 878 506 snam
895 456 1050 506 NATVRA
1073 457 1097 506 V

374 669 527 732 mobilius
544 669 709 747 uideatur,
729 673 771 734 ad
789 672 875 735 hano
894 672 973 749 quia
990 672 1085 750 signa
1102 672 1264 736 reuisunt.

331 778 419 855 —sit
435 799 563 857 quoque
579 786 618 842 ut
635 801 652 843 e
668 780 785 845 mundi
801 781 1002 844 transuersis
1016 781 1170 860 partibus
1186 801 1243 845 aer

374 888 513 951 alternis
529 896 619 952 oerto
635 889 737 954 fluere
755 891 839 954 alter
856 898 1004 969 tempore
1021 891 1133 969 possit,

374 997 433 1076 qui
448 1005 547 1076 queat
564 999 698 1062 aestiuis
714 1001 813 1063 solem
829 1000 1007 1063 detrudere
1023 1000 1127 1079 signis

373 1107 533 1170 brumalis
548 1128 652 1186 usque
667 1109 710 1171 ad
727 1109 831 1171 flexus
847 1109 1057 1187 gelidumque
1073 1110 1225 1188 rigorem,

374 1223 407 1279 et
424 1217 482 1294 qui
499 1217 615 1281 reiciat
632 1218 749 1296 gelidis
766 1240 785 1282 a
804 1219 940 1297 frigoris
957 1219 1084 1282 umbris

374 1326 547 1390 aestiferas
563 1348 666 1404 usque
682 1328 717 1389 in
733 1329 840 1406 partis
857 1336 889 1393 et
906 1328 1040 1392 feruida
1055 1328 1159 1407 signa.

374 1444 406 1499 et
420 1437 548 1500 ratione
562 1437 637 1515 pari
650 1437 764 1500 lunam
778 1439 953 1516 stellasque
967 1440 1195 1516 putandumst,

374 1567 458 1624 quae
474 1548 617 1609 uoluunt
633 1567 768 1625 magnos
785 1547 821 1608 in
838 1547 967 1625 magnis
983 1547 1116 1610 orbibus
1134 1567 1246 1624 annon,

374 1655 505 1719 aeribus
518 1676 612 1734 posse
628 1656 764 1720 alternis
779 1677 796 1719 e
811 1657 963 1735 partibus
978 1657 1035 1719 ire.
1235 1647 1237 1653 ’

373 1785 482 1829 uoune
497 1765 592 1829 uides
607 1765 706 1829 etiam
722 1765 863 1829 diuersis
878 1766 995 1829 nubila
1009 1766 1119 1829 uentis

373 1875 523 1938 diuersas
538 1874 586 1937 ire
603 1875 638 1936 in
655 1875 763 1954 partis
776 1875 912 1939 inferna
927 1875 1101 1953 supernis?

330 1984 432 2062 —qui
447 1984 556 2048 minus
572 1985 630 2048 illa
646 1993 769 2062 queant
785 2007 845 2063 per
861 2006 998 2064 magnos
1013 1984 1154 2049 aetheris
1171 1984 1259 2047 orbis

374 2094 518 2157 aestibus
531 2094 620 2158 inter
633 2114 666 2156 se
681 2094 822 2158 diuersis
836 2094 945 2157 sidera
960 2094 1065 2158 ferril

436 2205 483 2266 At
500 2224 566 2266 nox
583 2205 694 2267 obruit
712 2191 841 2282 ingenti
858 2204 999 2282 ealigine
1016 2210 1132 2280 terras,

373 2319 432 2376 aut
446 2313 504 2376 ubi
520 2314 560 2378 de
575 2316 673 2392 longo
686 2334 786 2376 oursu
801 2316 849 2376 sol
863 2313 982 2377 ultima
997 2313 1078 2377 oaeli

373 2422 508 2501 impulit
524 2431 623 2500 atque
639 2444 714 2487 suos
730 2423 850 2487 efflauit
866 2423 1046 2501 languidus
1062 2422 1149 2501 ignis

373 2552 544 2596 oonoussos
560 2532 642 2595 itere
658 2540 690 2595 et
706 2532 887 2596 labefactos
903 2552 976 2595 aere
992 2533 1106 2609 multo,

372 2649 432 2705 out
447 2642 525 2719 quia
541 2644 601 2705 sub
616 2650 723 2706 terras
739 2663 871 2705 cursum
887 2648 1080 2705 oonuortere
1096 2641 1183 2719 cogit

372 2751 425 2814 uis
439 2752 562 2827 eadem,
577 2772 679 2829 supra
695 2772 778 2829 quae
792 2759 899 2814 terras
914 2750 1054 2829 pertulit
1069 2751 1189 2814 orbem.

393 2862 595 2939 -Tempore
613 2861 692 2933 item
708 2869 798 2923 oerto
813 2881 939 2923 roseam
955 2865 1079 2923 natura
1096 2880 1155 2938 per
1172 2878 1246 2922 oras

373 2970 515 3033 aetheris
533 2991 687 3034 auroram
705 2971 818 3032 differt
836 2977 869 3033 et
886 2970 1013 3033 lumina
1029 2969 1159 3047 pandit,

373 3088 432 3143 out
450 3080 528 3157 quia
544 3081 592 3143 sol
609 3079 705 3157 idem,
723 3082 783 3143 sub
801 3087 908 3143 terras
925 3079 980 3143 ille
998 3086 1177 3155 reuertens,

373 3190 536 3268 antioipat
552 3190 678 3252 eaelum
693 3189 797 3252 radiis
813 3189 988 3252 aooendere
1004 3194 1180 3266 temptans,

373 3306 431 3363 out
447 3299 525 3376 quia
541 3299 743 3361 conueniunt
759 3299 851 3377 ignes
867 3306 899 3360 et
914 3297 1038 3360 semina
1053 3298 1159 3361 multa

373 3410 535 3472 confluere
553 3408 683 3472 ardoris
697 3414 897 3470 consuerunt
913 3415 1060 3485 tempore
1077 3413 1175 3483 oert0,

373 3540 456 3596 quae
472 3518 604 3581 faciunt
620 3518 697 3580 solis
712 3538 800 3580 noua
816 3537 944 3593 semper
960 3514 1093 3591 lumina
1104 3514 1213 3592 gigni;

706 3624 759 3673 EX
779 3620 848 3672 IDA
868 3621 972 3672 VISIO
993 3621 1099 3672 SOLIS

329 3714 461 3791 —quod
476 3733 580 3791 genus
596 3712 705 3775 Idaeis
722 3711 812 3774 fama
829 3719 877 3775 est
893 3733 910 3774 e
926 3710 1092 3773 montibus
1108 3709 1184 3772 altis

373 3823 538 3901 dispersos
554 3822 641 3900 ignis
659 3820 779 3884 orienti
795 3820 919 3886 lumine
938 3820 1037 3896 cerni,

373 3933 450 3996 iude
467 3932 553 3996 coire
570 3933 702 4010 globum
719 3930 812 4007 quasi
829 3930 865 3991 in
880 3950 985 3991 unum
1002 3935 1034 3992 et
1051 3928 1207 3992 oonfioere
1224 3929 1345 3991 orbem.

383 4065 434 4114 656
445 4066 525 4113 atura
558 4062 630 4124 vulp.
647 4061 758 4111 Matuta

868 4229 941 4280 [186]
