3190 4682
591 429 643 478 DE
661 428 793 478 RERVM
810 429 966 480 NATVRA
985 430 1029 479 IV

298 642 473 721 perueniat
491 663 565 721 uox,
585 664 733 722 quaeque
750 650 909 708 necessest
927 647 1030 709 uerba
1047 666 1175 724 quoque
1193 645 1267 724 ipsa

298 753 397 831 plane
416 753 568 817 exaudiri
586 753 793 833 discernique
813 754 1033 831 articulatim3

298 869 410 926 seruat
427 862 514 925 enim
531 862 750 927 formaturam
767 871 943 942 seruatque
960 864 1111 942 figuram.

298 978 334 1035 ct
349 972 378 1034 si
394 972 627 1051 interpositum
643 973 788 1051 spatium
804 974 848 1036 sit
863 973 994 1052 longius
1012 994 1123 1051 aequo,

298 1101 376 1145 aera
392 1102 451 1159 per
467 1082 609 1145 multum
625 1082 788 1179 confundi
804 1085 907 1146 uerba
923 1091 1082 1146 necessest

298 1198 330 1255 et
347 1192 540 1255 conturbari
556 1212 678 1270 uocem,
695 1192 775 1255 dum
790 1194 977 1256 transuolat
994 1213 1102 1256 auras.

255 1321 377 1380 —ergo
390 1301 438 1379 fit,
454 1301 598 1365 sonitum
613 1309 652 1364 ut
667 1302 771 1380 possis
786 1302 907 1365 sentire
922 1322 1027 1380 neque
1042 1302 1133 1366 illam

298 1411 527 1488 internoscere,
546 1413 723 1474 uerborum
740 1412 905 1476 sententia
920 1433 1004 1490 quae
1021 1412 1080 1475 sit:

297 1541 401 1598 usque
417 1522 498 1584 adeo
513 1521 652 1584 confusa
667 1521 760 1584 uenit
775 1542 840 1585 uox
856 1522 955 1599 inque
971 1521 1094 1599 pedita.

254 1638 471 1709 *praeterea
485 1633 624 1694 uerbum
640 1651 735 1709 saepe
751 1653 856 1694 unum
872 1631 996 1709 perciet
1013 1631 1104 1695 auris

299 1740 449 1803 omnibus
464 1739 500 1802 in
516 1742 648 1819 populo,
665 1740 799 1803 missum
816 1740 986 1819 praeconis
1003 1743 1043 1804 ab
1061 1761 1125 1804 ore.

298 1849 334 1911 in
349 1851 471 1913 multas
486 1850 591 1928 igitur
605 1871 701 1913 uoces
715 1871 780 1913 uox
795 1871 863 1913 una
879 1857 1014 1928 repente

299 1959 444 2037 diffugit,
462 1960 498 2021 in
516 1959 631 2038 prinas
649 1960 803 2037 quoniam
822 1980 854 2021 se
873 1960 996 2022 diuidit
1015 1959 1115 2037 auris,

299 2069 475 2147 obsignans
492 2069 632 2132 formam
650 2069 760 2132 uerbis
778 2070 968 2146 clarumque
984 2089 1142 2132 sonorem.

299 2185 334 2242 ct
350 2199 434 2256 quae
451 2200 529 2257 pars
545 2199 663 2241 uocum
679 2200 745 2242 non
763 2179 855 2242 auris
870 2179 987 2241 incidit
1004 2179 1102 2257 ipsas,

299 2289 502 2366 praeterlata
516 2289 604 2367 perit
620 2289 750 2352 frustra
765 2289 887 2352 diffusa
902 2309 961 2366 per
977 2308 1084 2352 auras.

299 2418 377 2476 pars
393 2398 509 2462 solidis·
523 2399 627 2461 adlisa
644 2398 722 2461 locis
738 2398 859 2461 reiecta
875 2418 1023 2461 sonorem

299 2509 409 2572 reddit
424 2515 456 2572 et
466 2508 639 2571 'interdum
654 2508 841 2570 frustratur
856 2508 999 2585 imagine
1013 2502 1117 2570 uerbi.

606 2614 656 2663 DE
681 2614 791 2665 VOCIS
815 2613 1050 2663 IMAGINIBVS

255 2723 382 2781 —quae
397 2705 479 2766 bene
497 2724 571 2765 cum
588 2703 711 2780 uideas,
730 2703 891 2766 rationem
910 2703 1046 2764 reddere
1065 2701 1168 2781 possis

298 2820 370 2896 tute
385 2812 447 2875 tibi
463 2821 562 2890 atque
578 2812 661 2890 aliis,
678 2833 744 2890 quo
758 2818 857 2890 pacto
871 2832 930 2890 per
946 2813 1016 2874 loca
1031 2813 1100 2874 sola

298 2943 378 2985 saxa
394 2922 485 3000 paris
502 2922 626 2985 formas
642 2923 820 2985 uerborum
837 2942 876 2983 ex
894 2921 1009 2984 ordine
1026 2921 1178 2996 reddant,

298 3033 444 3110 palantis
460 3032 594 3095 comites
609 3053 683 3094 cum
699 3031 819 3094 montis
835 3031 923 3094 inter
939 3051 1056 3108 opacos

299 3142 486 3219 quaerimus
504 3149 535 3204 et
553 3163 673 3219 magna
691 3141 855 3219 dispersos
872 3160 951 3203 uoce
969 3140 1099 3203 oiemus.

298 3272 354 3315 sex
370 3252 468 3315 etiam
484 3257 542 3315 aut
558 3259 682 3329 septem
698 3252 769 3313 loca
784 3250 856 3313 uidi
871 3251 1009 3313 reddere
1024 3249 1123 3326 uocis,

298 3382 399 3425 unam
415 3382 489 3424 cum
505 3361 642 3424 iaceres:
659 3361 707 3423 ita
723 3361 820 3422 colles
835 3360 972 3422 collibus
987 3359 1052 3437 ipsi

297 3473 400 3535 uerba
417 3472 624 3549 repulsantes
643 3470 809 3533 iterabant
828 3469 917 3531 dicta
934 3468 1065 3532 referri.

283 3582 378 3658 (haec
394 3582 465 3644 loca
480 3580 673 3658 capripedes
690 3586 819 3656 satyros
835 3579 1062 3656 nymphasque
1078 3583 1190 3641 tenere

295 3691 429 3753 finitimi
447 3690 577 3768 fingunt
596 3696 628 3751 et
647 3689 767 3752 faunos
786 3709 852 3752 esse
871 3689 1026 3751 locuntur

297 3820 436 3879 quorum
454 3800 630 3877 noctiuago
647 3798 790 3876 strepitu
808 3799 949 3875 ludeque
967 3795 1089 3859 iocanti

297 3910 474 3973 adfirmant
491 3910 589 3986 uolgo
606 3908 774 3971 taciturna
792 3906 925 3980 silentia
941 3904 1052 3983 rumpi

308 4043 359 4092 567
370 4042 442 4102 outo.
459 4040 536 4090 verbi

308 4111 360 4160 579
370 4110 442 4171 culp.
459 4110 540 4159 docta

801 4199 874 4250 [138]
