<?xml version="1.0" encoding="UTF-8"?>
<!DOCTYPE html PUBLIC "-//W3C//DTD XHTML 1.0 Transitional//EN"
    "http://www.w3.org/TR/xhtml1/DTD/xhtml1-transitional.dtd">
<html xmlns="http://www.w3.org/1999/xhtml" xml:lang="en" lang="en">
 <head>
  <title>
</title>
<meta http-equiv="Content-Type" content="text/html;charset=utf-8" />
  <meta name='ocr-system' content='tesseract 3.04.00' />
  <meta name='ocr-capabilities' content='ocr_page ocr_carea ocr_par ocr_line ocrx_word'/>
</head>
<body>
  <div class='ocr_page' id='page_1' title='image "./lvcretiderervmn00merrgoog_0262.png"; bbox 0 0 3234 4686; ppageno 0'>
   <div class='ocr_carea' id='block_1_1' title="bbox 597 452 918 504">
    <p class='ocr_par' dir='ltr' id='par_1_1' title="bbox 597 452 918 504">
     <span class='ocr_line' id='line_1_1' title="bbox 597 452 918 504; baseline 0.003 -3"><span class='ocrx_word' id='word_1_1' title='bbox 597 453 626 501; x_wconf 85' lang='grc' dir='ltr'><strong>Τ.</strong></span> <span class='ocrx_word' id='word_1_2' title='bbox 647 452 810 504; x_wconf 62' lang='lat' dir='ltr'><strong>Lucani!</strong></span> <span class='ocrx_word' id='word_1_3' title='bbox 830 453 918 504; x_wconf 80' lang='lat' dir='ltr'><em>CARI</em></span> 
     </span>
    </p>
   </div>
   <div class='ocr_carea' id='block_1_2' title="bbox 177 666 1378 1184">
    <p class='ocr_par' dir='ltr' id='par_1_2' title="bbox 177 666 1378 1184">
     <span class='ocr_line' id='line_1_2' title="bbox 207 666 871 744; baseline 0.003 -16"><span class='ocrx_word' id='word_1_4' title='bbox 207 666 346 743; x_wconf 85' lang='lat' dir='ltr'><strong>[seilicet</strong></span> <span class='ocrx_word' id='word_1_5' title='bbox 362 666 395 728; x_wconf 91' lang='lat' dir='ltr'><strong>id</strong></span> <span class='ocrx_word' id='word_1_6' title='bbox 411 666 484 730; x_wconf 91' lang='lat' dir='ltr'><strong>fieri</strong></span> <span class='ocrx_word' id='word_1_7' title='bbox 499 666 586 744; x_wconf 82' lang='lat' dir='ltr'>cogit</span> <span class='ocrx_word' id='word_1_8' title='bbox 601 674 724 730; x_wconf 88' lang='lat' dir='ltr'><strong>natura</strong></span> <span class='ocrx_word' id='word_1_9' title='bbox 738 667 871 730; x_wconf 88' lang='lat' dir='ltr'><strong>uiarum</strong></span> 
     </span>
     <span class='ocr_line' id='line_1_3' title="bbox 221 775 1067 856; baseline 0.006 -20"><span class='ocrx_word' id='word_1_10' title='bbox 221 776 425 838; x_wconf 87' lang='lat' dir='ltr'><strong>multimodis</strong></span> <span class='ocrx_word' id='word_1_11' title='bbox 439 775 577 838; x_wconf 88' lang='lat' dir='ltr'><strong>uarians</strong></span> <span class='ocrx_word' id='word_1_12' title='bbox 590 784 629 839; x_wconf 90' lang='lat' dir='ltr'><strong>ut</strong></span> <span class='ocrx_word' id='word_1_13' title='bbox 645 778 745 855; x_wconf 89' lang='lat' dir='ltr'><strong>paulo</strong></span> <span class='ocrx_word' id='word_1_14' title='bbox 759 776 961 841; x_wconf 80' lang='lat' dir='ltr'><strong>ostendimus</strong></span> <span class='ocrx_word' id='word_1_15' title='bbox 976 777 1067 856; x_wconf 89' lang='lat' dir='ltr'><strong>ante]</strong></span> 
     </span>
     <span class='ocr_line' id='line_1_4' title="bbox 177 885 878 964; baseline 0.003 -17"><span class='ocrx_word' id='word_1_16' title='bbox 177 885 345 949; x_wconf 87' lang='lat' dir='ltr'><strong>——scilicet</strong></span> <span class='ocrx_word' id='word_1_17' title='bbox 363 886 397 947; x_wconf 90' lang='lat' dir='ltr'><strong>id</strong></span> <span class='ocrx_word' id='word_1_18' title='bbox 414 886 486 949; x_wconf 88' lang='lat' dir='ltr'><strong>fieri</strong></span> <span class='ocrx_word' id='word_1_19' title='bbox 504 886 591 964; x_wconf 82' lang='lat' dir='ltr'><strong>cogit</strong></span> <span class='ocrx_word' id='word_1_20' title='bbox 608 894 730 950; x_wconf 86' lang='lat' dir='ltr'><strong>natura</strong></span> <span class='ocrx_word' id='word_1_21' title='bbox 746 887 878 950; x_wconf 87' lang='lat' dir='ltr'><strong>uiarum</strong></span> 
     </span>
     <span class='ocr_line' id='line_1_5' title="bbox 222 995 1082 1073; baseline 0.005 -17"><span class='ocrx_word' id='word_1_22' title='bbox 222 996 426 1058; x_wconf 86' lang='lat' dir='ltr'><strong>multimodis</strong></span> <span class='ocrx_word' id='word_1_23' title='bbox 440 995 586 1072; x_wconf 77' lang='lat' dir='ltr'><strong>uariam,</strong></span> <span class='ocrx_word' id='word_1_24' title='bbox 604 1004 642 1058; x_wconf 93' lang='lat' dir='ltr'><strong>ut</strong></span> <span class='ocrx_word' id='word_1_25' title='bbox 660 998 761 1073; x_wconf 85' lang='lat' dir='ltr'><strong>paulo</strong></span> <span class='ocrx_word' id='word_1_26' title='bbox 777 996 979 1059; x_wconf 84' lang='lat' dir='ltr'><strong>ostendimus</strong></span> <span class='ocrx_word' id='word_1_27' title='bbox 996 1004 1082 1073; x_wconf 86' lang='lat' dir='ltr'><strong>ante,</strong></span> 
     </span>
     <span class='ocr_line' id='line_1_6' title="bbox 223 1104 1378 1184; baseline 0.003 -19"><span class='ocrx_word' id='word_1_28' title='bbox 223 1112 361 1182; x_wconf 89' lang='lat' dir='ltr'><strong>propter</strong></span> <span class='ocrx_word' id='word_1_29' title='bbox 377 1105 568 1169; x_wconf 81' lang='lat' dir='ltr'><strong>dissimilem</strong></span> <span class='ocrx_word' id='word_1_30' title='bbox 585 1114 740 1168; x_wconf 88' lang='lat' dir='ltr'><strong>naturam</strong></span> <span class='ocrx_word' id='word_1_31' title='bbox 757 1112 913 1184; x_wconf 84' lang='lat' dir='ltr'><strong>textaque</strong></span> <span class='ocrx_word' id='word_1_32' title='bbox 930 1127 1050 1169; x_wconf 89' lang='lat' dir='ltr'><strong>rerum.</strong></span> <span class='ocrx_word' id='word_1_33' title='bbox 1326 1104 1378 1153; x_wconf 93' lang='grc'><strong>999</strong></span> 
     </span>
    </p>
   </div>
   <div class='ocr_carea' id='block_1_3' title="bbox 176 1299 1378 4008">
    <p class='ocr_par' dir='ltr' id='par_1_3' title="bbox 176 1299 1378 4008">
     <span class='ocr_line' id='line_1_7' title="bbox 286 1299 1378 1379; baseline 0.003 -17"><span class='ocrx_word' id='word_1_34' title='bbox 286 1301 507 1379; x_wconf 83' lang='lat' dir='ltr'><strong>Quapropter,</strong></span> <span class='ocrx_word' id='word_1_35' title='bbox 522 1302 604 1365; x_wconf 91' lang='lat' dir='ltr'><strong>bene</strong></span> <span class='ocrx_word' id='word_1_36' title='bbox 618 1302 676 1364; x_wconf 91' lang='lat' dir='ltr'><strong>ubi</strong></span> <span class='ocrx_word' id='word_1_37' title='bbox 691 1302 770 1364; x_wconf 89' lang='lat' dir='ltr'><strong>haec</strong></span> <span class='ocrx_word' id='word_1_38' title='bbox 785 1300 979 1364; x_wconf 88' lang='lat' dir='ltr'><strong>confirmata</strong></span> <span class='ocrx_word' id='word_1_39' title='bbox 994 1309 1092 1378; x_wconf 86' lang='lat' dir='ltr'><strong>atque</strong></span> <span class='ocrx_word' id='word_1_40' title='bbox 1107 1301 1214 1365; x_wconf 85' lang='lat' dir='ltr'><strong>locata</strong></span> <span class='ocrx_word' id='word_1_41' title='bbox 1325 1299 1378 1347; x_wconf 83' lang='lat'><strong>998</strong></span> 
     </span>
     <span class='ocr_line' id='line_1_8' title="bbox 223 1410 1010 1489; baseline 0.003 -18"><span class='ocrx_word' id='word_1_42' title='bbox 223 1410 332 1473; x_wconf 91' lang='lat' dir='ltr'><strong>omnia</strong></span> <span class='ocrx_word' id='word_1_43' title='bbox 350 1411 558 1474; x_wconf 81' lang='lat' dir='ltr'><strong>constiterint</strong></span> <span class='ocrx_word' id='word_1_44' title='bbox 576 1411 670 1473; x_wconf 88' lang='lat' dir='ltr'><strong>nobis</strong></span> <span class='ocrx_word' id='word_1_45' title='bbox 687 1418 863 1489; x_wconf 86' lang='lat' dir='ltr'><strong>praeposta</strong></span> <span class='ocrx_word' id='word_1_46' title='bbox 882 1420 1010 1488; x_wconf 89' lang='lat' dir='ltr'><strong>parata,</strong></span> 
     </span>
     <span class='ocr_line' id='line_1_9' title="bbox 223 1520 1378 1598; baseline 0.003 -17"><span class='ocrx_word' id='word_1_47' title='bbox 223 1521 310 1596; x_wconf 92' lang='lat' dir='ltr'><strong>quod</strong></span> <span class='ocrx_word' id='word_1_48' title='bbox 326 1527 485 1598; x_wconf 84' lang='lat' dir='ltr'><strong>superest,</strong></span> <span class='ocrx_word' id='word_1_49' title='bbox 503 1520 601 1583; x_wconf 83' lang='lat' dir='ltr'><strong>facile</strong></span> <span class='ocrx_word' id='word_1_50' title='bbox 617 1521 694 1583; x_wconf 92' lang='lat' dir='ltr'><strong>hinc</strong></span> <span class='ocrx_word' id='word_1_51' title='bbox 710 1521 797 1583; x_wconf 89' lang='lat' dir='ltr'><strong>ratio</strong></span> <span class='ocrx_word' id='word_1_52' title='bbox 813 1521 972 1583; x_wconf 88' lang='lat' dir='ltr'><strong>reddetur</strong></span> <span class='ocrx_word' id='word_1_53' title='bbox 988 1528 1020 1584; x_wconf 90' lang='lat' dir='ltr'><strong>et</strong></span> <span class='ocrx_word' id='word_1_54' title='bbox 1037 1521 1142 1583; x_wconf 88' lang='lat' dir='ltr'><strong>omnis</strong></span> <span class='ocrx_word' id='word_1_55' title='bbox 1308 1520 1378 1568; x_wconf 86' lang='lat'>1000</span> 
     </span>
     <span class='ocr_line' id='line_1_10' title="bbox 223 1630 937 1708; baseline 0.001 -17"><span class='ocrx_word' id='word_1_56' title='bbox 223 1649 321 1692; x_wconf 89' lang='lat' dir='ltr'><strong>causa</strong></span> <span class='ocrx_word' id='word_1_57' title='bbox 338 1630 472 1707; x_wconf 89' lang='lat' dir='ltr'><strong>patefiet</strong></span> <span class='ocrx_word' id='word_1_58' title='bbox 491 1651 573 1707; x_wconf 88' lang='lat' dir='ltr'><strong>quae</strong></span> <span class='ocrx_word' id='word_1_59' title='bbox 592 1631 676 1692; x_wconf 83' lang='lat' dir='ltr'><strong>ferri</strong></span> <span class='ocrx_word' id='word_1_60' title='bbox 695 1630 841 1708; x_wconf 89' lang='lat' dir='ltr'><strong>pelliciat</strong></span> <span class='ocrx_word' id='word_1_61' title='bbox 858 1630 937 1692; x_wconf 88' lang='lat' dir='ltr'><strong>uim.</strong></span> 
     </span>
     <span class='ocr_line' id='line_1_11' title="bbox 178 1738 1106 1817; baseline 0.005 -19"><span class='ocrx_word' id='word_1_62' title='bbox 178 1738 388 1816; x_wconf 85' lang='lat' dir='ltr'><strong>-principio</strong></span> <span class='ocrx_word' id='word_1_63' title='bbox 404 1739 505 1802; x_wconf 88' lang='lat' dir='ltr'><strong>fluere</strong></span> <span class='ocrx_word' id='word_1_64' title='bbox 523 1761 540 1802; x_wconf 92' lang='lat' dir='ltr'><strong>e</strong></span> <span class='ocrx_word' id='word_1_65' title='bbox 557 1740 668 1817; x_wconf 89' lang='lat' dir='ltr'><strong>lapide</strong></span> <span class='ocrx_word' id='word_1_66' title='bbox 685 1741 746 1802; x_wconf 89' lang='lat' dir='ltr'><strong>hoc</strong></span> <span class='ocrx_word' id='word_1_67' title='bbox 764 1741 930 1817; x_wconf 86' lang='lat' dir='ltr'><strong>permulta</strong></span> <span class='ocrx_word' id='word_1_68' title='bbox 947 1748 1106 1803; x_wconf 78' lang='lat' dir='ltr'><strong>necessest</strong></span> 
     </span>
     <span class='ocr_line' id='line_1_12' title="bbox 214 1848 1033 1928; baseline 0.002 -19"><span class='ocrx_word' id='word_1_69' title='bbox 214 1849 345 1911; x_wconf 85' lang='lat' dir='ltr'><strong>semina</strong></span> <span class='ocrx_word' id='word_1_70' title='bbox 362 1848 432 1911; x_wconf 92' lang='lat' dir='ltr'><strong>siue</strong></span> <span class='ocrx_word' id='word_1_71' title='bbox 449 1855 575 1912; x_wconf 86' lang='lat' dir='ltr'><strong>aestum</strong></span> <span class='ocrx_word' id='word_1_72' title='bbox 593 1850 650 1927; x_wconf 90' lang='lat' dir='ltr'><strong>qui</strong></span> <span class='ocrx_word' id='word_1_73' title='bbox 668 1850 804 1912; x_wconf 88' lang='lat' dir='ltr'><strong>discutit</strong></span> <span class='ocrx_word' id='word_1_74' title='bbox 822 1870 900 1912; x_wconf 91' lang='lat' dir='ltr'><strong>aera</strong></span> <span class='ocrx_word' id='word_1_75' title='bbox 916 1850 1033 1928; x_wconf 87' lang='lat' dir='ltr'><strong>plagis,</strong></span> 
     </span>
     <span class='ocr_line' id='line_1_13' title="bbox 222 1957 1128 2036; baseline 0.004 -18"><span class='ocrx_word' id='word_1_76' title='bbox 222 1957 309 2020; x_wconf 85' lang='lat' dir='ltr'><strong>inter</strong></span> <span class='ocrx_word' id='word_1_77' title='bbox 327 1959 384 2035; x_wconf 91' lang='lat' dir='ltr'><strong>qui</strong></span> <span class='ocrx_word' id='word_1_78' title='bbox 400 1958 545 2036; x_wconf 90' lang='lat' dir='ltr'><strong>lapidem</strong></span> <span class='ocrx_word' id='word_1_79' title='bbox 562 1959 755 2036; x_wconf 83' lang='lat' dir='ltr'><strong>ferrumque</strong></span> <span class='ocrx_word' id='word_1_80' title='bbox 772 1968 820 2022; x_wconf 88' lang='lat' dir='ltr'><strong>est</strong></span> <span class='ocrx_word' id='word_1_81' title='bbox 837 1980 976 2036; x_wconf 91' lang='lat' dir='ltr'><strong>cumque</strong></span> <span class='ocrx_word' id='word_1_82' title='bbox 993 1960 1128 2022; x_wconf 86' lang='lat' dir='ltr'><strong>locatus.</strong></span> 
     </span>
     <span class='ocr_line' id='line_1_14' title="bbox 222 2068 1020 2146; baseline 0.005 -18"><span class='ocrx_word' id='word_1_83' title='bbox 222 2069 280 2129; x_wconf 79' lang='lat' dir='ltr'><strong>hoc</strong></span> <span class='ocrx_word' id='word_1_84' title='bbox 296 2068 353 2130; x_wconf 92' lang='lat' dir='ltr'><strong>ubi</strong></span> <span class='ocrx_word' id='word_1_85' title='bbox 369 2068 520 2130; x_wconf 88' lang='lat' dir='ltr'><strong>inanitur</strong></span> <span class='ocrx_word' id='word_1_86' title='bbox 536 2069 681 2145; x_wconf 84' lang='lat' dir='ltr'><strong>spatium</strong></span> <span class='ocrx_word' id='word_1_87' title='bbox 697 2071 885 2146; x_wconf 89' lang='lat' dir='ltr'><strong>multusque</strong></span> <span class='ocrx_word' id='word_1_88' title='bbox 901 2069 1020 2132; x_wconf 88' lang='lat' dir='ltr'><strong>uaeefit</strong></span> 
     </span>
     <span class='ocr_line' id='line_1_15' title="bbox 221 2176 979 2256; baseline 0.004 -19"><span class='ocrx_word' id='word_1_89' title='bbox 221 2176 256 2237; x_wconf 91' lang='lat' dir='ltr'><strong>in</strong></span> <span class='ocrx_word' id='word_1_90' title='bbox 273 2177 381 2240; x_wconf 92' lang='lat' dir='ltr'><strong>medio</strong></span> <span class='ocrx_word' id='word_1_91' title='bbox 397 2179 496 2254; x_wconf 86' lang='lat' dir='ltr'><strong>loeus,</strong></span> <span class='ocrx_word' id='word_1_92' title='bbox 515 2179 679 2256; x_wconf 88' lang='lat' dir='ltr'><strong>extemplo</strong></span> <span class='ocrx_word' id='word_1_93' title='bbox 696 2179 879 2256; x_wconf 91' lang='lat' dir='ltr'><strong>primordia</strong></span> <span class='ocrx_word' id='word_1_94' title='bbox 896 2179 979 2240; x_wconf 81' lang='lat' dir='ltr'><strong>ferri</strong></span> 
     </span>
     <span class='ocr_line' id='line_1_16' title="bbox 221 2286 1107 2367; baseline 0.005 -21"><span class='ocrx_word' id='word_1_95' title='bbox 221 2286 256 2348; x_wconf 93' lang='lat' dir='ltr'><strong>in</strong></span> <span class='ocrx_word' id='word_1_96' title='bbox 272 2307 415 2349; x_wconf 92' lang='lat' dir='ltr'><strong>uacuum</strong></span> <span class='ocrx_word' id='word_1_97' title='bbox 433 2288 589 2364; x_wconf 90' lang='lat' dir='ltr'><strong>prolapsa</strong></span> <span class='ocrx_word' id='word_1_98' title='bbox 605 2290 728 2350; x_wconf 89' lang='lat' dir='ltr'><strong>cadunt</strong></span> <span class='ocrx_word' id='word_1_99' title='bbox 746 2288 938 2364; x_wconf 88' lang='lat' dir='ltr'><strong>coniuncta;</strong></span> <span class='ocrx_word' id='word_1_100' title='bbox 955 2288 993 2351; x_wconf 92' lang='lat' dir='ltr'><strong>fit</strong></span> <span class='ocrx_word' id='word_1_101' title='bbox 1010 2290 1107 2367; x_wconf 90' lang='lat' dir='ltr'><strong>utqui</strong></span> 
     </span>
     <span class='ocr_line' id='line_1_17' title="bbox 222 2396 1052 2475; baseline 0.004 -18"><span class='ocrx_word' id='word_1_102' title='bbox 222 2397 341 2458; x_wconf 89' lang='lat' dir='ltr'><strong>anulus</strong></span> <span class='ocrx_word' id='word_1_103' title='bbox 358 2396 428 2474; x_wconf 87' lang='lat' dir='ltr'><strong>ipse</strong></span> <span class='ocrx_word' id='word_1_104' title='bbox 445 2404 603 2474; x_wconf 89' lang='lat' dir='ltr'><strong>sequatur</strong></span> <span class='ocrx_word' id='word_1_105' title='bbox 620 2405 737 2474; x_wconf 89' lang='lat' dir='ltr'><strong>eatque</strong></span> <span class='ocrx_word' id='word_1_106' title='bbox 755 2398 802 2461; x_wconf 90' lang='lat' dir='ltr'><strong>ita</strong></span> <span class='ocrx_word' id='word_1_107' title='bbox 820 2418 956 2475; x_wconf 88' lang='lat' dir='ltr'><strong>corpore</strong></span> <span class='ocrx_word' id='word_1_108' title='bbox 973 2406 1052 2462; x_wconf 86' lang='lat' dir='ltr'><strong>toto.</strong></span> 
     </span>
     <span class='ocr_line' id='line_1_18' title="bbox 221 2506 1101 2584; baseline 0.007 -19"><span class='ocrx_word' id='word_1_109' title='bbox 221 2526 279 2568; x_wconf 91' lang='lat' dir='ltr'><strong>nec</strong></span> <span class='ocrx_word' id='word_1_110' title='bbox 297 2526 349 2568; x_wconf 88' lang='lat' dir='ltr'><strong>res</strong></span> <span class='ocrx_word' id='word_1_111' title='bbox 365 2508 434 2568; x_wconf 92' lang='lat' dir='ltr'><strong>ulla</strong></span> <span class='ocrx_word' id='word_1_112' title='bbox 451 2506 556 2583; x_wconf 90' lang='lat' dir='ltr'><strong>magis</strong></span> <span class='ocrx_word' id='word_1_113' title='bbox 574 2507 774 2584; x_wconf 89' lang='lat' dir='ltr'><strong>primoribus</strong></span> <span class='ocrx_word' id='word_1_114' title='bbox 796 2517 910 2578; x_wconf 85' lang='lat' dir='ltr'><strong>&lt;ex&gt;</strong></span> <span class='ocrx_word' id='word_1_115' title='bbox 933 2509 1101 2571; x_wconf 88' lang='lat' dir='ltr'><strong>elementis</strong></span> 
     </span>
     <span class='ocr_line' id='line_1_19' title="bbox 221 2614 895 2692; baseline 0.003 -16"><span class='ocrx_word' id='word_1_116' title='bbox 221 2614 419 2692; x_wconf 90' lang='lat' dir='ltr'><strong>indupedita</strong></span> <span class='ocrx_word' id='word_1_117' title='bbox 434 2616 502 2678; x_wconf 84' lang='lat' dir='ltr'><strong>suis</strong></span> <span class='ocrx_word' id='word_1_118' title='bbox 519 2624 589 2679; x_wconf 89' lang='lat' dir='ltr'><strong>arte</strong></span> <span class='ocrx_word' id='word_1_119' title='bbox 607 2637 728 2679; x_wconf 87' lang='lat' dir='ltr'><strong>conexa</strong></span> <span class='ocrx_word' id='word_1_120' title='bbox 745 2619 895 2680; x_wconf 89' lang='lat' dir='ltr'><strong>cohaeret</strong></span> 
     </span>
     <span class='ocr_line' id='line_1_20' title="bbox 221 2725 1026 2804; baseline 0.006 -19"><span class='ocrx_word' id='word_1_121' title='bbox 221 2744 318 2801; x_wconf 89' lang='lat' dir='ltr'><strong>quam</strong></span> <span class='ocrx_word' id='word_1_122' title='bbox 334 2725 439 2786; x_wconf 91' lang='lat' dir='ltr'><strong>ualidi</strong></span> <span class='ocrx_word' id='word_1_123' title='bbox 454 2725 538 2787; x_wconf 83' lang='lat' dir='ltr'><strong>ferri</strong></span> <span class='ocrx_word' id='word_1_124' title='bbox 553 2733 674 2789; x_wconf 87' lang='lat' dir='ltr'><strong>natura</strong></span> <span class='ocrx_word' id='word_1_125' title='bbox 690 2734 722 2789; x_wconf 89' lang='grc'><strong>11</strong></span> <span class='ocrx_word' id='word_1_126' title='bbox 738 2726 884 2804; x_wconf 83' lang='lat' dir='ltr'><strong>frigidus</strong></span> <span class='ocrx_word' id='word_1_127' title='bbox 899 2728 1026 2790; x_wconf 87' lang='lat' dir='ltr'><strong>horror.</strong></span> 
     </span>
     <span class='ocr_line' id='line_1_21' title="bbox 221 2833 1118 2913; baseline 0.007 -19"><span class='ocrx_word' id='word_1_128' title='bbox 221 2833 409 2911; x_wconf 88' lang='lat' dir='ltr'><strong>quominus</strong></span> <span class='ocrx_word' id='word_1_129' title='bbox 426 2842 475 2898; x_wconf 88' lang='lat' dir='ltr'><strong>est</strong></span> <span class='ocrx_word' id='word_1_130' title='bbox 491 2835 621 2912; x_wconf 86' lang='lat' dir='ltr'><strong>mirum,</strong></span> <span class='ocrx_word' id='word_1_131' title='bbox 639 2836 726 2912; x_wconf 92' lang='lat' dir='ltr'><strong>quod</strong></span> <span class='ocrx_word' id='word_1_132' title='bbox 743 2836 876 2913; x_wconf 87' lang='lat' dir='ltr'><strong>dicitur,</strong></span> <span class='ocrx_word' id='word_1_133' title='bbox 895 2857 934 2898; x_wconf 87' lang='lat' dir='ltr'><strong>ex</strong></span> <span class='ocrx_word' id='word_1_134' title='bbox 951 2837 1118 2900; x_wconf 87' lang='lat' dir='ltr'><strong>elementis</strong></span> 
     </span>
     <span class='ocr_line' id='line_1_22' title="bbox 221 2943 972 3023; baseline 0.005 -18"><span class='ocrx_word' id='word_1_135' title='bbox 221 2963 359 3021; x_wconf 88' lang='lat' dir='ltr'><strong>corpora</strong></span> <span class='ocrx_word' id='word_1_136' title='bbox 374 2943 402 3006; x_wconf 90' lang='lat' dir='ltr'><strong>si</strong></span> <span class='ocrx_word' id='word_1_137' title='bbox 418 2953 586 3021; x_wconf 90' lang='lat' dir='ltr'><strong>nequeunt</strong></span> <span class='ocrx_word' id='word_1_138' title='bbox 603 2965 619 3007; x_wconf 91' lang='lat' dir='ltr'><strong>e</strong></span> <span class='ocrx_word' id='word_1_139' title='bbox 637 2946 729 3008; x_wconf 84' lang='lat' dir='ltr'><strong>ferro</strong></span> <span class='ocrx_word' id='word_1_140' title='bbox 745 2947 843 3023; x_wconf 91' lang='lat' dir='ltr'><strong>plura</strong></span> <span class='ocrx_word' id='word_1_141' title='bbox 860 2953 972 3010; x_wconf 88' lang='lat' dir='ltr'><strong>coorta</strong></span> 
     </span>
     <span class='ocr_line' id='line_1_23' title="bbox 220 3052 1035 3133; baseline 0.007 -20"><span class='ocrx_word' id='word_1_142' title='bbox 220 3052 255 3113; x_wconf 92' lang='lat' dir='ltr'><strong>in</strong></span> <span class='ocrx_word' id='word_1_143' title='bbox 270 3074 413 3116; x_wconf 89' lang='lat' dir='ltr'><strong>uacuum</strong></span> <span class='ocrx_word' id='word_1_144' title='bbox 430 3053 523 3130; x_wconf 84' lang='lat' dir='ltr'><strong>ferri,</strong></span> <span class='ocrx_word' id='word_1_145' title='bbox 540 3054 621 3131; x_wconf 92' lang='lat' dir='ltr'><strong>quin</strong></span> <span class='ocrx_word' id='word_1_146' title='bbox 638 3056 757 3118; x_wconf 89' lang='lat' dir='ltr'><strong>anulus</strong></span> <span class='ocrx_word' id='word_1_147' title='bbox 773 3055 842 3132; x_wconf 91' lang='lat' dir='ltr'><strong>ipse</strong></span> <span class='ocrx_word' id='word_1_148' title='bbox 859 3064 1035 3133; x_wconf 90' lang='lat' dir='ltr'><strong>sequatur;</strong></span> 
     </span>
     <span class='ocr_line' id='line_1_24' title="bbox 220 3162 1113 3244; baseline 0.004 -20"><span class='ocrx_word' id='word_1_149' title='bbox 220 3163 307 3239; x_wconf 93' lang='lat' dir='ltr'><strong>quod</strong></span> <span class='ocrx_word' id='word_1_150' title='bbox 324 3162 416 3240; x_wconf 80' lang='lat' dir='ltr'><strong>facit,</strong></span> <span class='ocrx_word' id='word_1_151' title='bbox 432 3170 464 3224; x_wconf 90' lang='lat' dir='ltr'><strong>et</strong></span> <span class='ocrx_word' id='word_1_152' title='bbox 480 3164 639 3241; x_wconf 87' lang='lat' dir='ltr'><strong>sequitur,</strong></span> <span class='ocrx_word' id='word_1_153' title='bbox 657 3165 758 3227; x_wconf 93' lang='lat' dir='ltr'><strong>donec</strong></span> <span class='ocrx_word' id='word_1_154' title='bbox 775 3165 929 3242; x_wconf 89' lang='lat' dir='ltr'><strong>peruenit</strong></span> <span class='ocrx_word' id='word_1_155' title='bbox 945 3167 987 3229; x_wconf 89' lang='lat' dir='ltr'><strong>ad</strong></span> <span class='ocrx_word' id='word_1_156' title='bbox 1004 3167 1113 3244; x_wconf 88' lang='lat' dir='ltr'><strong>ipsum</strong></span> 
     </span>
     <span class='ocr_line' id='line_1_25' title="bbox 220 3271 1100 3353; baseline 0.006 -20"><span class='ocrx_word' id='word_1_157' title='bbox 220 3271 285 3334; x_wconf 91' lang='lat' dir='ltr'><strong>iam</strong></span> <span class='ocrx_word' id='word_1_158' title='bbox 301 3272 445 3350; x_wconf 90' lang='lat' dir='ltr'><strong>lapidem</strong></span> <span class='ocrx_word' id='word_1_159' title='bbox 464 3273 630 3350; x_wconf 90' lang='lat' dir='ltr'><strong>caecisque</strong></span> <span class='ocrx_word' id='word_1_160' title='bbox 648 3273 683 3334; x_wconf 92' lang='lat' dir='ltr'><strong>in</strong></span> <span class='ocrx_word' id='word_1_161' title='bbox 701 3294 739 3337; x_wconf 91' lang='lat' dir='ltr'><strong>eo</strong></span> <span class='ocrx_word' id='word_1_162' title='bbox 756 3275 968 3353; x_wconf 84' lang='lat' dir='ltr'><strong>compagibus</strong></span> <span class='ocrx_word' id='word_1_163' title='bbox 986 3276 1100 3339; x_wconf 89' lang='lat' dir='ltr'><strong>haesit.</strong></span> 
     </span>
     <span class='ocr_line' id='line_1_26' title="bbox 219 3382 1017 3460; baseline 0.008 -18"><span class='ocrx_word' id='word_1_164' title='bbox 219 3383 278 3443; x_wconf 77' lang='lat' dir='ltr'><strong>hoc</strong></span> <span class='ocrx_word' id='word_1_165' title='bbox 295 3382 332 3444; x_wconf 89' lang='lat' dir='ltr'><strong>fit</strong></span> <span class='ocrx_word' id='word_1_166' title='bbox 350 3382 436 3444; x_wconf 92' lang='lat' dir='ltr'><strong>idem</strong></span> <span class='ocrx_word' id='word_1_167' title='bbox 454 3382 641 3445; x_wconf 81' lang='lat' dir='ltr'><strong>cunctosin</strong></span> <span class='ocrx_word' id='word_1_168' title='bbox 658 3383 774 3460; x_wconf 88' lang='lat' dir='ltr'><strong>partis,</strong></span> <span class='ocrx_word' id='word_1_169' title='bbox 791 3384 880 3445; x_wconf 93' lang='lat' dir='ltr'><strong>unde</strong></span> <span class='ocrx_word' id='word_1_170' title='bbox 897 3384 1017 3448; x_wconf 88' lang='lat' dir='ltr'><strong>uacefit</strong></span> 
     </span>
     <span class='ocr_line' id='line_1_27' title="bbox 219 3491 1045 3571; baseline 0.006 -18"><span class='ocrx_word' id='word_1_171' title='bbox 219 3511 356 3569; x_wconf 88' lang='lat' dir='ltr'><strong>cumque</strong></span> <span class='ocrx_word' id='word_1_172' title='bbox 373 3493 472 3569; x_wconf 69' lang='lat' dir='ltr'><strong>locus</strong></span> <span class='ocrx_word' id='word_1_173' title='bbox 490 3491 560 3555; x_wconf 92' lang='lat' dir='ltr'><strong>siue</strong></span> <span class='ocrx_word' id='word_1_174' title='bbox 576 3514 593 3556; x_wconf 91' lang='lat' dir='ltr'><strong>e</strong></span> <span class='ocrx_word' id='word_1_175' title='bbox 610 3500 799 3556; x_wconf 90' lang='lat' dir='ltr'><strong>transuerso</strong></span> <span class='ocrx_word' id='word_1_176' title='bbox 816 3493 886 3557; x_wconf 89' lang='lat' dir='ltr'><strong>siue</strong></span> <span class='ocrx_word' id='word_1_177' title='bbox 903 3514 1045 3571; x_wconf 89' lang='lat' dir='ltr'><strong>superne</strong></span> 
     </span>
     <span class='ocr_line' id='line_1_28' title="bbox 219 3601 1063 3679; baseline 0.001 -17"><span class='ocrx_word' id='word_1_178' title='bbox 219 3620 356 3678; x_wconf 89' lang='lat' dir='ltr'><strong>corpora</strong></span> <span class='ocrx_word' id='word_1_179' title='bbox 372 3601 529 3664; x_wconf 87' lang='lat' dir='ltr'><strong>continuo</strong></span> <span class='ocrx_word' id='word_1_180' title='bbox 547 3602 583 3663; x_wconf 90' lang='lat' dir='ltr'><strong>in</strong></span> <span class='ocrx_word' id='word_1_181' title='bbox 599 3621 742 3664; x_wconf 91' lang='lat' dir='ltr'><strong>uacuum</strong></span> <span class='ocrx_word' id='word_1_182' title='bbox 759 3603 870 3666; x_wconf 88' lang='lat' dir='ltr'><strong>uicina</strong></span> <span class='ocrx_word' id='word_1_183' title='bbox 888 3602 1063 3679; x_wconf 80' lang='lat' dir='ltr'><strong>feruntur3</strong></span> 
     </span>
     <span class='ocr_line' id='line_1_29' title="bbox 176 3710 1071 3789; baseline 0.004 -18"><span class='ocrx_word' id='word_1_184' title='bbox 176 3710 342 3788; x_wconf 89' lang='lat' dir='ltr'><strong>-quippe</strong></span> <span class='ocrx_word' id='word_1_185' title='bbox 358 3711 531 3789; x_wconf 84' lang='lat' dir='ltr'><strong>agitantur</strong></span> <span class='ocrx_word' id='word_1_186' title='bbox 547 3711 634 3774; x_wconf 90' lang='lat' dir='ltr'><strong>enim</strong></span> <span class='ocrx_word' id='word_1_187' title='bbox 650 3712 757 3789; x_wconf 90' lang='lat' dir='ltr'><strong>plagis</strong></span> <span class='ocrx_word' id='word_1_188' title='bbox 773 3712 907 3776; x_wconf 89' lang='lat' dir='ltr'><strong>aliunde</strong></span> <span class='ocrx_word' id='word_1_189' title='bbox 923 3732 983 3774; x_wconf 89' lang='lat' dir='ltr'><strong>nec</strong></span> <span class='ocrx_word' id='word_1_190' title='bbox 998 3712 1071 3789; x_wconf 88' lang='lat' dir='ltr'><strong>ipsa</strong></span> 
     </span>
     <span class='ocr_line' id='line_1_30' title="bbox 218 3821 1100 3898; baseline 0.001 -17"><span class='ocrx_word' id='word_1_191' title='bbox 218 3829 333 3897; x_wconf 89' lang='lat' dir='ltr'><strong>sponte</strong></span> <span class='ocrx_word' id='word_1_192' title='bbox 350 3841 409 3883; x_wconf 86' lang='lat' dir='ltr'><strong>sua</strong></span> <span class='ocrx_word' id='word_1_193' title='bbox 425 3842 557 3883; x_wconf 88' lang='lat' dir='ltr'><strong>sursum</strong></span> <span class='ocrx_word' id='word_1_194' title='bbox 574 3828 711 3897; x_wconf 87' lang='lat' dir='ltr'><strong>possunt</strong></span> <span class='ocrx_word' id='word_1_195' title='bbox 727 3842 923 3898; x_wconf 84' lang='lat' dir='ltr'><strong>consurgere</strong></span> <span class='ocrx_word' id='word_1_196' title='bbox 940 3821 976 3882; x_wconf 91' lang='lat' dir='ltr'><strong>in</strong></span> <span class='ocrx_word' id='word_1_197' title='bbox 993 3841 1100 3884; x_wconf 89' lang='lat' dir='ltr'><strong>auras.</strong></span> 
     </span>
     <span class='ocr_line' id='line_1_31' title="bbox 176 3929 1029 4008; baseline 0.004 -19"><span class='ocrx_word' id='word_1_198' title='bbox 176 3929 282 3992; x_wconf 76' lang='lat' dir='ltr'><strong>-huc</strong></span> <span class='ocrx_word' id='word_1_199' title='bbox 297 3931 423 3993; x_wconf 86' lang='lat' dir='ltr'><strong>aceedit</strong></span> <span class='ocrx_word' id='word_1_200' title='bbox 440 3931 528 4006; x_wconf 88' lang='lat' dir='ltr'><strong>item,</strong></span> <span class='ocrx_word' id='word_1_201' title='bbox 546 3949 647 4006; x_wconf 89' lang='lat' dir='ltr'><strong>quare</strong></span> <span class='ocrx_word' id='word_1_202' title='bbox 664 3940 762 4006; x_wconf 89' lang='lat' dir='ltr'><strong>queat</strong></span> <span class='ocrx_word' id='word_1_203' title='bbox 779 3932 814 3993; x_wconf 94' lang='lat' dir='ltr'><strong>id</strong></span> <span class='ocrx_word' id='word_1_204' title='bbox 831 3929 935 4008; x_wconf 89' lang='lat' dir='ltr'><strong>magis</strong></span> <span class='ocrx_word' id='word_1_205' title='bbox 952 3947 1029 4005; x_wconf 80' lang='lat' dir='ltr'><strong>esse,</strong></span> 
     </span>
    </p>
   </div>
   <div class='ocr_carea' id='block_1_4' title="bbox 213 4061 465 4177">
    <p class='ocr_par' dir='ltr' id='par_1_4' title="bbox 213 4061 465 4177">
     <span class='ocr_line' id='line_1_32' title="bbox 214 4061 465 4125; baseline 0.008 -18"><span class='ocrx_word' id='word_1_206' title='bbox 214 4061 281 4109; x_wconf 82' lang='grc'><strong>1007</strong></span> <span class='ocrx_word' id='word_1_207' title='bbox 290 4061 363 4122; x_wconf 73' lang='lat' dir='ltr'><strong>only.</strong></span> <span class='ocrx_word' id='word_1_208' title='bbox 382 4066 465 4125; x_wconf 87' lang='lat' dir='ltr'><strong>utque</strong></span> 
     </span>
     <span class='ocr_line' id='line_1_33' title="bbox 213 4128 409 4177; baseline 0.01 -2"><span class='ocrx_word' id='word_1_209' title='bbox 213 4128 279 4176; x_wconf 83' lang='grc'><strong>1012</strong></span> <span class='ocrx_word' id='word_1_210' title='bbox 289 4128 338 4176; x_wconf 82' lang='lat' dir='ltr'><strong>alii</strong></span> <span class='ocrx_word' id='word_1_211' title='bbox 353 4128 409 4177; x_wconf 79' lang='lat' dir='ltr'><strong>alia</strong></span> 
     </span>
    </p>
   </div>
   <div class='ocr_carea' id='block_1_5' title="bbox 712 4212 786 4264">
    <p class='ocr_par' dir='ltr' id='par_1_5' title="bbox 712 4212 786 4264">
     <span class='ocr_line' id='line_1_34' title="bbox 712 4212 786 4264; baseline 0.014 -11"><span class='ocrx_word' id='word_1_212' title='bbox 712 4212 786 4264; x_wconf 84' lang='lat'>[249]</span> 
     </span>
    </p>
   </div>
   <div class='ocr_carea' id='block_1_6' title="bbox 0 0 1622 4686">
    <p class='ocr_par' dir='ltr' id='par_1_6' title="bbox 0 0 1622 4686">
     <span class='ocr_line' id='line_1_35' title="bbox 0 0 1622 4686; baseline 0 2"><span class='ocrx_word' id='word_1_213' title='bbox 0 0 1622 4686; x_wconf 95' lang='lat' dir='ltr'><strong> </strong></span> 
     </span>
    </p>
   </div>
  </div>
 </body>
</html>
