<?xml version="1.0" encoding="UTF-8"?>
<!DOCTYPE html PUBLIC "-//W3C//DTD XHTML 1.0 Transitional//EN"
    "http://www.w3.org/TR/xhtml1/DTD/xhtml1-transitional.dtd">
<html xmlns="http://www.w3.org/1999/xhtml" xml:lang="en" lang="en">
 <head>
  <title>
</title>
<meta http-equiv="Content-Type" content="text/html;charset=utf-8" />
  <meta name='ocr-system' content='tesseract 3.04.00' />
  <meta name='ocr-capabilities' content='ocr_page ocr_carea ocr_par ocr_line ocrx_word'/>
</head>
<body>
  <div class='ocr_page' id='page_1' title='image "./lvcretiderervmn00merrgoog_0224.png"; bbox 0 0 3234 4686; ppageno 0'>
   <div class='ocr_carea' id='block_1_1' title="bbox 560 423 882 475">
    <p class='ocr_par' dir='ltr' id='par_1_1' title="bbox 560 423 882 475">
     <span class='ocr_line' id='line_1_1' title="bbox 560 423 882 475; baseline 0.006 -3"><span class='ocrx_word' id='word_1_1' title='bbox 560 423 591 472; x_wconf 81' lang='grc' dir='ltr'><strong>Τ.</strong></span> <span class='ocrx_word' id='word_1_2' title='bbox 611 423 774 475; x_wconf 81' lang='lat' dir='ltr'><strong><em>LVGRETI</em></strong></span> <span class='ocrx_word' id='word_1_3' title='bbox 793 424 882 475; x_wconf 72' lang='lat' dir='ltr'><strong>clm</strong></span> 
     </span>
    </p>
   </div>
   <div class='ocr_carea' id='block_1_2' title="bbox 148 635 1126 3997">
    <p class='ocr_par' dir='ltr' id='par_1_2' title="bbox 148 635 1126 3997">
     <span class='ocr_line' id='line_1_2' title="bbox 185 635 1034 715; baseline 0.006 -19"><span class='ocrx_word' id='word_1_4' title='bbox 185 635 326 698; x_wconf 89' lang='lat' dir='ltr'><strong>collibus</strong></span> <span class='ocrx_word' id='word_1_5' title='bbox 341 643 373 698; x_wconf 93' lang='lat' dir='ltr'><strong>et</strong></span> <span class='ocrx_word' id='word_1_6' title='bbox 390 635 514 714; x_wconf 86' lang='lat' dir='ltr'><strong>campis</strong></span> <span class='ocrx_word' id='word_1_7' title='bbox 531 644 570 701; x_wconf 87' lang='lat' dir='ltr'><strong>ut</strong></span> <span class='ocrx_word' id='word_1_8' title='bbox 586 638 754 714; x_wconf 88' lang='lat' dir='ltr'><strong>haberent,</strong></span> <span class='ocrx_word' id='word_1_9' title='bbox 773 644 870 715; x_wconf 88' lang='lat' dir='ltr'><strong>atque</strong></span> <span class='ocrx_word' id='word_1_10' title='bbox 888 639 1034 701; x_wconf 89' lang='lat' dir='ltr'><strong>olearum</strong></span> 
     </span>
     <span class='ocr_line' id='line_1_3' title="bbox 186 745 1047 825; baseline 0.002 -18"><span class='ocrx_word' id='word_1_11' title='bbox 186 746 319 808; x_wconf 89' lang='lat' dir='ltr'><strong>caerula</strong></span> <span class='ocrx_word' id='word_1_12' title='bbox 337 745 545 824; x_wconf 82' lang='lat' dir='ltr'><strong>distinguens</strong></span> <span class='ocrx_word' id='word_1_13' title='bbox 563 746 651 810; x_wconf 90' lang='lat' dir='ltr'><strong>inter</strong></span> <span class='ocrx_word' id='word_1_14' title='bbox 670 748 770 825; x_wconf 82' lang='lat' dir='ltr'>plaga</span> <span class='ocrx_word' id='word_1_15' title='bbox 787 768 919 811; x_wconf 89' lang='lat' dir='ltr'><strong>currere</strong></span> <span class='ocrx_word' id='word_1_16' title='bbox 938 754 1047 825; x_wconf 88' lang='lat' dir='ltr'><strong>posset</strong></span> 
     </span>
     <span class='ocr_line' id='line_1_4' title="bbox 186 855 1014 934; baseline 0.004 -18"><span class='ocrx_word' id='word_1_17' title='bbox 186 874 247 932; x_wconf 89' lang='lat' dir='ltr'><strong>per</strong></span> <span class='ocrx_word' id='word_1_18' title='bbox 261 855 406 918; x_wconf 87' lang='lat' dir='ltr'><strong>tumulos</strong></span> <span class='ocrx_word' id='word_1_19' title='bbox 422 862 455 917; x_wconf 90' lang='lat' dir='ltr'><strong>et</strong></span> <span class='ocrx_word' id='word_1_20' title='bbox 470 855 632 918; x_wconf 89' lang='lat' dir='ltr'><strong>conuallis</strong></span> <span class='ocrx_word' id='word_1_21' title='bbox 646 876 842 934; x_wconf 89' lang='lat' dir='ltr'><strong>camposque</strong></span> <span class='ocrx_word' id='word_1_22' title='bbox 858 856 1014 934; x_wconf 77' lang='lat' dir='ltr'><strong>profusa3</strong></span> 
     </span>
     <span class='ocr_line' id='line_1_5' title="bbox 171 963 943 1043; baseline 0.003 -17"><span class='ocrx_word' id='word_1_23' title='bbox 171 964 226 1040; x_wconf 92' lang='lat' dir='ltr'><strong>(ut</strong></span> <span class='ocrx_word' id='word_1_24' title='bbox 243 984 332 1026; x_wconf 92' lang='lat' dir='ltr'><strong>nunc</strong></span> <span class='ocrx_word' id='word_1_25' title='bbox 349 984 416 1028; x_wconf 89' lang='lat' dir='ltr'><strong>esse</strong></span> <span class='ocrx_word' id='word_1_26' title='bbox 434 963 528 1028; x_wconf 87' lang='lat' dir='ltr'><strong>uides</strong></span> <span class='ocrx_word' id='word_1_27' title='bbox 545 964 641 1027; x_wconf 87' lang='lat' dir='ltr'><strong>uario</strong></span> <span class='ocrx_word' id='word_1_28' title='bbox 657 965 816 1028; x_wconf 87' lang='lat' dir='ltr'><strong>distincta</strong></span> <span class='ocrx_word' id='word_1_29' title='bbox 832 966 943 1043; x_wconf 90' lang='lat' dir='ltr'><strong>lepore</strong></span> 
     </span>
     <span class='ocr_line' id='line_1_6' title="bbox 187 1073 1010 1151; baseline 0.004 -16"><span class='ocrx_word' id='word_1_30' title='bbox 187 1073 307 1150; x_wconf 93' lang='lat' dir='ltr'><strong>omnia,</strong></span> <span class='ocrx_word' id='word_1_31' title='bbox 325 1093 408 1150; x_wconf 88' lang='lat' dir='ltr'><strong>quae</strong></span> <span class='ocrx_word' id='word_1_32' title='bbox 426 1074 531 1151; x_wconf 91' lang='lat' dir='ltr'><strong>pomis</strong></span> <span class='ocrx_word' id='word_1_33' title='bbox 549 1074 702 1137; x_wconf 87' lang='lat' dir='ltr'><strong>intersita</strong></span> <span class='ocrx_word' id='word_1_34' title='bbox 719 1074 871 1137; x_wconf 77' lang='lat' dir='ltr'><strong>dulcibus</strong></span> <span class='ocrx_word' id='word_1_35' title='bbox 889 1081 1010 1138; x_wconf 86' lang='lat' dir='ltr'><strong>ornant</strong></span> 
     </span>
     <span class='ocr_line' id='line_1_7' title="bbox 188 1182 995 1261; baseline 0.004 -18"><span class='ocrx_word' id='word_1_36' title='bbox 188 1182 396 1260; x_wconf 81' lang='lat' dir='ltr'>arbustisque</span> <span class='ocrx_word' id='word_1_37' title='bbox 413 1191 527 1246; x_wconf 91' lang='lat' dir='ltr'><strong>tenent</strong></span> <span class='ocrx_word' id='word_1_38' title='bbox 545 1183 698 1247; x_wconf 76' lang='lat' dir='ltr'><strong>felicibus</strong></span> <span class='ocrx_word' id='word_1_39' title='bbox 715 1183 823 1261; x_wconf 81' lang='lat' dir='ltr'><strong>opsita</strong></span> <span class='ocrx_word' id='word_1_40' title='bbox 839 1184 995 1260; x_wconf 87' lang='lat' dir='ltr'><strong>circum).</strong></span> 
     </span>
     <span class='ocr_line' id='line_1_8' title="bbox 250 1292 951 1369; baseline 0.007 -17"><span class='ocrx_word' id='word_1_41' title='bbox 250 1293 298 1355; x_wconf 87' lang='lat' dir='ltr'><strong>At</strong></span> <span class='ocrx_word' id='word_1_42' title='bbox 314 1292 458 1369; x_wconf 85' lang='lat' dir='ltr'><strong>liquidas</strong></span> <span class='ocrx_word' id='word_1_43' title='bbox 475 1293 588 1356; x_wconf 89' lang='lat' dir='ltr'><strong>auium</strong></span> <span class='ocrx_word' id='word_1_44' title='bbox 604 1313 700 1355; x_wconf 90' lang='lat' dir='ltr'><strong>uoces</strong></span> <span class='ocrx_word' id='word_1_45' title='bbox 716 1292 878 1356; x_wconf 82' lang='lat' dir='ltr'><strong>imitarier</strong></span> <span class='ocrx_word' id='word_1_46' title='bbox 896 1313 951 1357; x_wconf 90' lang='lat' dir='ltr'><strong>ore</strong></span> 
     </span>
     <span class='ocr_line' id='line_1_9' title="bbox 188 1384 960 1479; baseline 0.003 -16"><span class='ocrx_word' id='word_1_47' title='bbox 188 1408 264 1465; x_wconf 88' lang='lat' dir='ltr'><strong>ante</strong></span> <span class='ocrx_word' id='word_1_48' title='bbox 280 1401 348 1464; x_wconf 86' lang='lat' dir='ltr'><strong>fuit</strong></span> <span class='ocrx_word' id='word_1_49' title='bbox 362 1402 468 1465; x_wconf 94' lang='lat' dir='ltr'><strong>multo</strong></span> <span class='ocrx_word' id='word_1_50' title='bbox 482 1422 580 1479; x_wconf 88' lang='lat' dir='ltr'><strong>quam</strong></span> <span class='ocrx_word' id='word_1_51' title='bbox 594 1402 683 1466; x_wconf 88' lang='lat' dir='ltr'><strong>leuia</strong></span> <span class='ocrx_word' id='word_1_52' title='bbox 697 1384 844 1465; x_wconf 73' lang='lat' dir='ltr'><strong>celrmina</strong></span> <span class='ocrx_word' id='word_1_53' title='bbox 859 1410 960 1465; x_wconf 92' lang='lat' dir='ltr'><strong>cantu</strong></span> 
     </span>
     <span class='ocr_line' id='line_1_10' title="bbox 187 1511 1054 1589; baseline 0.002 -16"><span class='ocrx_word' id='word_1_54' title='bbox 187 1512 414 1575; x_wconf 91' lang='lat' dir='ltr'><strong>concelebrare</strong></span> <span class='ocrx_word' id='word_1_55' title='bbox 432 1511 580 1574; x_wconf 92' lang='lat' dir='ltr'><strong>homines</strong></span> <span class='ocrx_word' id='word_1_56' title='bbox 600 1518 732 1589; x_wconf 84' lang='lat' dir='ltr'>possent</span> <span class='ocrx_word' id='word_1_57' title='bbox 753 1511 907 1589; x_wconf 83' lang='lat' dir='ltr'><strong>aurisque</strong></span> <span class='ocrx_word' id='word_1_58' title='bbox 927 1512 1054 1575; x_wconf 88' lang='lat' dir='ltr'><strong>iuuare.</strong></span> 
     </span>
     <span class='ocr_line' id='line_1_11' title="bbox 188 1621 1061 1699; baseline 0.001 -16"><span class='ocrx_word' id='word_1_59' title='bbox 188 1627 220 1683; x_wconf 96' lang='lat' dir='ltr'><strong>et</strong></span> <span class='ocrx_word' id='word_1_60' title='bbox 236 1621 382 1698; x_wconf 86' lang='lat' dir='ltr'><strong>zephyri,</strong></span> <span class='ocrx_word' id='word_1_61' title='bbox 400 1641 484 1684; x_wconf 88' lang='lat' dir='ltr'><strong>caua</strong></span> <span class='ocrx_word' id='word_1_62' title='bbox 499 1642 559 1699; x_wconf 92' lang='lat' dir='ltr'><strong>per</strong></span> <span class='ocrx_word' id='word_1_63' title='bbox 576 1622 785 1697; x_wconf 80' lang='lat' dir='ltr'><strong>calamorum,</strong></span> <span class='ocrx_word' id='word_1_64' title='bbox 803 1621 900 1684; x_wconf 89' lang='lat' dir='ltr'><strong>sibila</strong></span> <span class='ocrx_word' id='word_1_65' title='bbox 916 1622 1061 1699; x_wconf 92' lang='lat' dir='ltr'><strong>primum</strong></span> 
     </span>
     <span class='ocr_line' id='line_1_12' title="bbox 189 1729 885 1807; baseline 0.001 -16"><span class='ocrx_word' id='word_1_66' title='bbox 189 1729 328 1807; x_wconf 83' lang='lat' dir='ltr'><strong>agrestis</strong></span> <span class='ocrx_word' id='word_1_67' title='bbox 343 1731 483 1792; x_wconf 76' lang='lat' dir='ltr'><strong>docuere</strong></span> <span class='ocrx_word' id='word_1_68' title='bbox 500 1751 598 1793; x_wconf 89' lang='lat' dir='ltr'><strong>cauas</strong></span> <span class='ocrx_word' id='word_1_69' title='bbox 616 1730 733 1793; x_wconf 90' lang='lat' dir='ltr'><strong>inflare</strong></span> <span class='ocrx_word' id='word_1_70' title='bbox 752 1730 885 1793; x_wconf 90' lang='lat' dir='ltr'><strong>cicutas.</strong></span> 
     </span>
     <span class='ocr_line' id='line_1_13' title="bbox 186 1839 941 1917; baseline 0.003 -16"><span class='ocrx_word' id='word_1_71' title='bbox 186 1839 265 1903; x_wconf 79' lang='lat' dir='ltr'><strong>inde</strong></span> <span class='ocrx_word' id='word_1_72' title='bbox 281 1839 472 1902; x_wconf 86' lang='lat' dir='ltr'><strong>minutatim</strong></span> <span class='ocrx_word' id='word_1_73' title='bbox 488 1840 595 1902; x_wconf 91' lang='lat' dir='ltr'><strong>dulcis</strong></span> <span class='ocrx_word' id='word_1_74' title='bbox 609 1840 754 1903; x_wconf 87' lang='lat' dir='ltr'><strong>didicere</strong></span> <span class='ocrx_word' id='word_1_75' title='bbox 771 1841 941 1917; x_wconf 78' lang='lat' dir='ltr'><strong>querellae,</strong></span> 
     </span>
     <span class='ocr_line' id='line_1_14' title="bbox 187 1948 989 2042; baseline 0.001 -31"><span class='ocrx_word' id='word_1_76' title='bbox 187 1948 272 2011; x_wconf 89' lang='lat' dir='ltr'><strong>tibia</strong></span> <span class='ocrx_word' id='word_1_77' title='bbox 286 1969 367 2027; x_wconf 88' lang='lat' dir='ltr'><strong>quas</strong></span> <span class='ocrx_word' id='word_1_78' title='bbox 382 1948 497 2012; x_wconf 76' lang='lat' dir='ltr'><strong>fundit</strong></span> <span class='ocrx_word' id='word_1_79' title='bbox 513 1949 629 2027; x_wconf 80' lang='lat' dir='ltr'><strong>digitis</strong></span> <span class='ocrx_word' id='word_1_80' title='bbox 643 1950 776 2028; x_wconf 89' lang='lat' dir='ltr'><strong>pulsata</strong></span> <span class='ocrx_word' id='word_1_81' title='bbox 790 1956 989 2042; x_wconf 69' lang='lat' dir='ltr'><strong>canentum,¹</strong></span> 
     </span>
     <span class='ocr_line' id='line_1_15' title="bbox 189 2058 1016 2137; baseline 0.001 -16"><span class='ocrx_word' id='word_1_82' title='bbox 189 2058 267 2121; x_wconf 88' lang='lat' dir='ltr'><strong>auia</strong></span> <span class='ocrx_word' id='word_1_83' title='bbox 284 2079 343 2136; x_wconf 91' lang='lat' dir='ltr'><strong>per</strong></span> <span class='ocrx_word' id='word_1_84' title='bbox 361 2078 496 2122; x_wconf 89' lang='lat' dir='ltr'><strong>nemora</strong></span> <span class='ocrx_word' id='word_1_85' title='bbox 512 2080 550 2121; x_wconf 93' lang='lat' dir='ltr'><strong>ac</strong></span> <span class='ocrx_word' id='word_1_86' title='bbox 567 2059 669 2121; x_wconf 87' lang='lat' dir='ltr'><strong>siluas</strong></span> <span class='ocrx_word' id='word_1_87' title='bbox 687 2060 855 2135; x_wconf 87' lang='lat' dir='ltr'><strong>saltusque</strong></span> <span class='ocrx_word' id='word_1_88' title='bbox 873 2067 1016 2137; x_wconf 90' lang='lat' dir='ltr'><strong>reperta,</strong></span> 
     </span>
     <span class='ocr_line' id='line_1_16' title="bbox 189 2168 958 2246; baseline 0 -16"><span class='ocrx_word' id='word_1_89' title='bbox 189 2188 249 2246; x_wconf 92' lang='lat' dir='ltr'><strong>per</strong></span> <span class='ocrx_word' id='word_1_90' title='bbox 265 2169 337 2231; x_wconf 87' lang='lat' dir='ltr'><strong>loca</strong></span> <span class='ocrx_word' id='word_1_91' title='bbox 353 2175 524 2245; x_wconf 88' lang='lat' dir='ltr'><strong>pastorum</strong></span> <span class='ocrx_word' id='word_1_92' title='bbox 542 2170 672 2232; x_wconf 89' lang='lat' dir='ltr'><strong>deserta</strong></span> <span class='ocrx_word' id='word_1_93' title='bbox 691 2176 788 2245; x_wconf 88' lang='lat' dir='ltr'><strong>atque</strong></span> <span class='ocrx_word' id='word_1_94' title='bbox 807 2168 874 2231; x_wconf 94' lang='lat' dir='ltr'><strong>otia</strong></span> <span class='ocrx_word' id='word_1_95' title='bbox 893 2168 958 2231; x_wconf 91' lang='lat' dir='ltr'><strong>dia.</strong></span> 
     </span>
     <span class='ocr_line' id='line_1_17' title="bbox 175 2277 988 2355; baseline 0.002 -16"><span class='ocrx_word' id='word_1_96' title='bbox 175 2277 235 2355; x_wconf 89' lang='lat' dir='ltr'><strong>[sic</strong></span> <span class='ocrx_word' id='word_1_97' title='bbox 251 2277 516 2354; x_wconf 92' lang='lat' dir='ltr'><strong>unumquicquid</strong></span> <span class='ocrx_word' id='word_1_98' title='bbox 533 2278 696 2355; x_wconf 87' lang='lat' dir='ltr'><strong>paulatim</strong></span> <span class='ocrx_word' id='word_1_99' title='bbox 713 2278 880 2355; x_wconf 88' lang='lat' dir='ltr'><strong>protrahit</strong></span> <span class='ocrx_word' id='word_1_100' title='bbox 898 2285 988 2341; x_wconf 89' lang='lat' dir='ltr'><strong>aetas</strong></span> 
     </span>
     <span class='ocr_line' id='line_1_18' title="bbox 189 2386 958 2466; baseline 0.001 -18"><span class='ocrx_word' id='word_1_101' title='bbox 189 2387 224 2448; x_wconf 91' lang='lat' dir='ltr'><strong>in</strong></span> <span class='ocrx_word' id='word_1_102' title='bbox 240 2387 384 2449; x_wconf 91' lang='lat' dir='ltr'><strong>medium</strong></span> <span class='ocrx_word' id='word_1_103' title='bbox 399 2386 550 2464; x_wconf 88' lang='lat' dir='ltr'><strong>ratioque</strong></span> <span class='ocrx_word' id='word_1_104' title='bbox 566 2388 601 2449; x_wconf 92' lang='lat' dir='ltr'><strong>in</strong></span> <span class='ocrx_word' id='word_1_105' title='bbox 616 2387 752 2450; x_wconf 90' lang='lat' dir='ltr'><strong>luminis</strong></span> <span class='ocrx_word' id='word_1_106' title='bbox 767 2388 854 2451; x_wconf 87' lang='lat' dir='ltr'><strong>eruit</strong></span> <span class='ocrx_word' id='word_1_107' title='bbox 871 2388 958 2466; x_wconf 88' lang='lat' dir='ltr'><strong>oras]</strong></span> 
     </span>
     <span class='ocr_line' id='line_1_19' title="bbox 148 2496 1001 2574; baseline 0.004 -18"><span class='ocrx_word' id='word_1_108' title='bbox 148 2497 268 2559; x_wconf 90' lang='lat' dir='ltr'><strong>—haec</strong></span> <span class='ocrx_word' id='word_1_109' title='bbox 286 2496 411 2559; x_wconf 87' lang='lat' dir='ltr'><strong>animos</strong></span> <span class='ocrx_word' id='word_1_110' title='bbox 428 2497 501 2558; x_wconf 89' lang='lat' dir='ltr'><strong>ollis</strong></span> <span class='ocrx_word' id='word_1_111' title='bbox 517 2499 705 2561; x_wconf 87' lang='lat' dir='ltr'><strong>mulcebant</strong></span> <span class='ocrx_word' id='word_1_112' title='bbox 722 2505 821 2574; x_wconf 89' lang='lat' dir='ltr'><strong>atque</strong></span> <span class='ocrx_word' id='word_1_113' title='bbox 838 2498 1001 2560; x_wconf 91' lang='lat' dir='ltr'><strong>iuuabant</strong></span> 
     </span>
     <span class='ocr_line' id='line_1_20' title="bbox 189 2605 1019 2683; baseline 0 -15"><span class='ocrx_word' id='word_1_114' title='bbox 189 2627 263 2668; x_wconf 91' lang='lat' dir='ltr'><strong>cum</strong></span> <span class='ocrx_word' id='word_1_115' title='bbox 279 2605 397 2668; x_wconf 88' lang='lat' dir='ltr'><strong>satiate</strong></span> <span class='ocrx_word' id='word_1_116' title='bbox 414 2606 496 2683; x_wconf 92' lang='lat' dir='ltr'><strong>cibi;</strong></span> <span class='ocrx_word' id='word_1_117' title='bbox 514 2627 591 2669; x_wconf 92' lang='lat' dir='ltr'><strong>nam</strong></span> <span class='ocrx_word' id='word_1_118' title='bbox 607 2614 680 2670; x_wconf 92' lang='lat' dir='ltr'><strong>tum</strong></span> <span class='ocrx_word' id='word_1_119' title='bbox 697 2614 775 2669; x_wconf 90' lang='lat' dir='ltr'><strong>sunt</strong></span> <span class='ocrx_word' id='word_1_120' title='bbox 793 2607 902 2669; x_wconf 90' lang='lat' dir='ltr'><strong>omnia</strong></span> <span class='ocrx_word' id='word_1_121' title='bbox 918 2607 1019 2670; x_wconf 91' lang='lat' dir='ltr'><strong>cordi.</strong></span> 
     </span>
     <span class='ocr_line' id='line_1_21' title="bbox 188 2714 1065 2794; baseline -0.001 -17"><span class='ocrx_word' id='word_1_122' title='bbox 188 2735 285 2792; x_wconf 84' lang='lat' dir='ltr'><strong>saepe</strong></span> <span class='ocrx_word' id='word_1_123' title='bbox 301 2714 413 2792; x_wconf 87' lang='lat' dir='ltr'><strong>itaque</strong></span> <span class='ocrx_word' id='word_1_124' title='bbox 429 2716 517 2779; x_wconf 87' lang='lat' dir='ltr'><strong>inter</strong></span> <span class='ocrx_word' id='word_1_125' title='bbox 532 2736 565 2780; x_wconf 92' lang='lat' dir='ltr'><strong>se</strong></span> <span class='ocrx_word' id='word_1_126' title='bbox 582 2716 742 2794; x_wconf 89' lang='lat' dir='ltr'><strong>prostrati</strong></span> <span class='ocrx_word' id='word_1_127' title='bbox 758 2716 794 2777; x_wconf 94' lang='lat' dir='ltr'><strong>in</strong></span> <span class='ocrx_word' id='word_1_128' title='bbox 809 2716 958 2794; x_wconf 84' lang='lat' dir='ltr'><strong>gramine</strong></span> <span class='ocrx_word' id='word_1_129' title='bbox 973 2715 1065 2778; x_wconf 91' lang='lat' dir='ltr'><strong>molli</strong></span> 
     </span>
     <span class='ocr_line' id='line_1_22' title="bbox 189 2825 1007 2902; baseline 0.002 -17"><span class='ocrx_word' id='word_1_130' title='bbox 189 2831 327 2902; x_wconf 88' lang='lat' dir='ltr'><strong>propter</strong></span> <span class='ocrx_word' id='word_1_131' title='bbox 342 2844 446 2901; x_wconf 88' lang='lat' dir='ltr'><strong>aquae</strong></span> <span class='ocrx_word' id='word_1_132' title='bbox 462 2825 569 2888; x_wconf 89' lang='lat' dir='ltr'><strong>riuom</strong></span> <span class='ocrx_word' id='word_1_133' title='bbox 585 2827 645 2888; x_wconf 90' lang='lat' dir='ltr'><strong>sub</strong></span> <span class='ocrx_word' id='word_1_134' title='bbox 662 2825 763 2887; x_wconf 89' lang='lat' dir='ltr'><strong>ramis</strong></span> <span class='ocrx_word' id='word_1_135' title='bbox 778 2826 905 2888; x_wconf 90' lang='lat' dir='ltr'><strong>arboris</strong></span> <span class='ocrx_word' id='word_1_136' title='bbox 921 2827 1007 2889; x_wconf 89' lang='lat' dir='ltr'><strong>altae</strong></span> 
     </span>
     <span class='ocr_line' id='line_1_23' title="bbox 189 2934 1040 3012; baseline 0.004 -18"><span class='ocrx_word' id='word_1_137' title='bbox 189 2953 255 2995; x_wconf 92' lang='lat' dir='ltr'><strong>non</strong></span> <span class='ocrx_word' id='word_1_138' title='bbox 271 2935 400 3012; x_wconf 79' lang='lat' dir='ltr'><strong>magnis</strong></span> <span class='ocrx_word' id='word_1_139' title='bbox 418 2934 535 3012; x_wconf 91' lang='lat' dir='ltr'><strong>opibus</strong></span> <span class='ocrx_word' id='word_1_140' title='bbox 552 2935 695 2998; x_wconf 92' lang='lat' dir='ltr'><strong>iucunde</strong></span> <span class='ocrx_word' id='word_1_141' title='bbox 712 2955 851 3012; x_wconf 88' lang='lat' dir='ltr'><strong>corpora</strong></span> <span class='ocrx_word' id='word_1_142' title='bbox 866 2935 1040 3011; x_wconf 88' lang='lat' dir='ltr'><strong>habebant,</strong></span> 
     </span>
     <span class='ocr_line' id='line_1_24' title="bbox 189 3043 958 3122; baseline 0 -18"><span class='ocrx_word' id='word_1_143' title='bbox 189 3043 386 3120; x_wconf 89' lang='lat' dir='ltr'><strong>praesertim</strong></span> <span class='ocrx_word' id='word_1_144' title='bbox 401 3065 475 3106; x_wconf 93' lang='lat' dir='ltr'><strong>cum</strong></span> <span class='ocrx_word' id='word_1_145' title='bbox 491 3051 667 3122; x_wconf 89' lang='lat' dir='ltr'><strong>tempestas</strong></span> <span class='ocrx_word' id='word_1_146' title='bbox 684 3044 814 3107; x_wconf 92' lang='lat' dir='ltr'><strong>ridebat</strong></span> <span class='ocrx_word' id='word_1_147' title='bbox 829 3051 862 3107; x_wconf 87' lang='lat' dir='ltr'><strong>et</strong></span> <span class='ocrx_word' id='word_1_148' title='bbox 877 3044 958 3107; x_wconf 90' lang='lat' dir='ltr'><strong>anni</strong></span> 
     </span>
     <span class='ocr_line' id='line_1_25' title="bbox 188 3153 1044 3231; baseline 0 -15"><span class='ocrx_word' id='word_1_149' title='bbox 188 3160 339 3231; x_wconf 85' lang='lat' dir='ltr'><strong>tempora</strong></span> <span class='ocrx_word' id='word_1_150' title='bbox 360 3153 541 3231; x_wconf 85' lang='lat' dir='ltr'><strong>pingebant</strong></span> <span class='ocrx_word' id='word_1_151' title='bbox 561 3154 741 3217; x_wconf 91' lang='lat' dir='ltr'><strong>uiridantis</strong></span> <span class='ocrx_word' id='word_1_152' title='bbox 761 3154 896 3216; x_wconf 91' lang='lat' dir='ltr'><strong>floribus</strong></span> <span class='ocrx_word' id='word_1_153' title='bbox 917 3156 1044 3216; x_wconf 86' lang='lat' dir='ltr'><strong>herbas.</strong></span> 
     </span>
     <span class='ocr_line' id='line_1_26' title="bbox 188 3263 1046 3340; baseline 0 -17"><span class='ocrx_word' id='word_1_154' title='bbox 188 3269 261 3325; x_wconf 92' lang='lat' dir='ltr'><strong>tum</strong></span> <span class='ocrx_word' id='word_1_155' title='bbox 277 3263 357 3339; x_wconf 90' lang='lat' dir='ltr'><strong>ioca,</strong></span> <span class='ocrx_word' id='word_1_156' title='bbox 374 3271 446 3325; x_wconf 92' lang='lat' dir='ltr'><strong>tum</strong></span> <span class='ocrx_word' id='word_1_157' title='bbox 462 3283 576 3340; x_wconf 89' lang='lat' dir='ltr'><strong>sermo,</strong></span> <span class='ocrx_word' id='word_1_158' title='bbox 593 3271 665 3326; x_wconf 92' lang='lat' dir='ltr'><strong>tum</strong></span> <span class='ocrx_word' id='word_1_159' title='bbox 682 3264 793 3325; x_wconf 89' lang='lat' dir='ltr'><strong>dulces</strong></span> <span class='ocrx_word' id='word_1_160' title='bbox 810 3283 876 3325; x_wconf 90' lang='lat' dir='ltr'><strong>esse</strong></span> <span class='ocrx_word' id='word_1_161' title='bbox 894 3263 1046 3326; x_wconf 91' lang='lat' dir='ltr'><strong>cachinni</strong></span> 
     </span>
     <span class='ocr_line' id='line_1_27' title="bbox 189 3372 1059 3451; baseline 0.002 -17"><span class='ocrx_word' id='word_1_162' title='bbox 189 3380 387 3435; x_wconf 88' lang='lat' dir='ltr'><strong>consuerant</strong></span> <span class='ocrx_word' id='word_1_163' title='bbox 410 3372 566 3450; x_wconf 83' lang='lat' dir='ltr'><strong>(agrestis</strong></span> <span class='ocrx_word' id='word_1_164' title='bbox 583 3373 669 3436; x_wconf 91' lang='lat' dir='ltr'><strong>enim</strong></span> <span class='ocrx_word' id='word_1_165' title='bbox 686 3380 758 3435; x_wconf 94' lang='lat' dir='ltr'><strong>tum</strong></span> <span class='ocrx_word' id='word_1_166' title='bbox 775 3394 869 3436; x_wconf 88' lang='lat' dir='ltr'><strong>musa</strong></span> <span class='ocrx_word' id='word_1_167' title='bbox 885 3373 1035 3451; x_wconf 83' lang='lat' dir='ltr'><strong>uigebat)</strong></span> <span class='ocrx_word' id='word_1_168' title='bbox 1052 3400 1059 3448; x_wconf 91' lang='lat'>;</span> 
     </span>
     <span class='ocr_line' id='line_1_28' title="bbox 191 3481 1087 3560; baseline -0.003 -15"><span class='ocrx_word' id='word_1_169' title='bbox 191 3487 261 3544; x_wconf 80' lang='lat' dir='ltr'><strong>tum</strong></span> <span class='ocrx_word' id='word_1_170' title='bbox 280 3489 382 3559; x_wconf 88' lang='lat' dir='ltr'><strong>caput</strong></span> <span class='ocrx_word' id='word_1_171' title='bbox 400 3489 498 3559; x_wconf 89' lang='lat' dir='ltr'><strong>atque</strong></span> <span class='ocrx_word' id='word_1_172' title='bbox 516 3502 645 3545; x_wconf 90' lang='lat' dir='ltr'><strong>umeros</strong></span> <span class='ocrx_word' id='word_1_173' title='bbox 663 3483 768 3560; x_wconf 87' lang='lat' dir='ltr'><strong>plexis</strong></span> <span class='ocrx_word' id='word_1_174' title='bbox 785 3482 940 3545; x_wconf 91' lang='lat' dir='ltr'><strong>redimire</strong></span> <span class='ocrx_word' id='word_1_175' title='bbox 960 3481 1087 3545; x_wconf 88' lang='lat' dir='ltr'><strong>coronis</strong></span> 
     </span>
     <span class='ocr_line' id='line_1_29' title="bbox 190 3591 907 3668; baseline 0.001 -15"><span class='ocrx_word' id='word_1_176' title='bbox 190 3591 326 3654; x_wconf 91' lang='lat' dir='ltr'><strong>floribus</strong></span> <span class='ocrx_word' id='word_1_177' title='bbox 341 3599 373 3656; x_wconf 90' lang='lat' dir='ltr'><strong>et</strong></span> <span class='ocrx_word' id='word_1_178' title='bbox 388 3591 478 3654; x_wconf 78' lang='lat' dir='ltr'><strong>foliis</strong></span> <span class='ocrx_word' id='word_1_179' title='bbox 492 3592 630 3655; x_wconf 89' lang='lat' dir='ltr'><strong>lasciuia</strong></span> <span class='ocrx_word' id='word_1_180' title='bbox 645 3594 732 3655; x_wconf 91' lang='lat' dir='ltr'><strong>laeta</strong></span> <span class='ocrx_word' id='word_1_181' title='bbox 746 3594 907 3668; x_wconf 90' lang='lat' dir='ltr'><strong>monebat,</strong></span> 
     </span>
     <span class='ocr_line' id='line_1_30' title="bbox 190 3702 1126 3779; baseline -0.003 -15"><span class='ocrx_word' id='word_1_182' title='bbox 190 3709 288 3779; x_wconf 91' lang='lat' dir='ltr'><strong>atque</strong></span> <span class='ocrx_word' id='word_1_183' title='bbox 305 3708 401 3764; x_wconf 84' lang='lat' dir='ltr'><strong>extra</strong></span> <span class='ocrx_word' id='word_1_184' title='bbox 416 3721 590 3763; x_wconf 91' lang='lat' dir='ltr'><strong>numerum</strong></span> <span class='ocrx_word' id='word_1_185' title='bbox 606 3702 781 3779; x_wconf 89' lang='lat' dir='ltr'><strong>procedere</strong></span> <span class='ocrx_word' id='word_1_186' title='bbox 798 3703 943 3764; x_wconf 91' lang='lat' dir='ltr'><strong>membra</strong></span> <span class='ocrx_word' id='word_1_187' title='bbox 959 3707 1126 3763; x_wconf 91' lang='lat' dir='ltr'><strong>mouentes</strong></span> 
     </span>
     <span class='ocr_line' id='line_1_31' title="bbox 191 3807 1020 3889; baseline -0.002 -17"><span class='ocrx_word' id='word_1_188' title='bbox 191 3811 320 3874; x_wconf 91' lang='lat' dir='ltr'><strong>duriter</strong></span> <span class='ocrx_word' id='word_1_189' title='bbox 336 3818 369 3874; x_wconf 92' lang='lat' dir='ltr'><strong>et</strong></span> <span class='ocrx_word' id='word_1_190' title='bbox 386 3812 472 3872; x_wconf 92' lang='lat' dir='ltr'><strong>duro</strong></span> <span class='ocrx_word' id='word_1_191' title='bbox 486 3807 610 3873; x_wconf 90' lang='lat' dir='ltr'><strong>terram</strong></span> <span class='ocrx_word' id='word_1_192' title='bbox 627 3811 709 3889; x_wconf 91' lang='lat' dir='ltr'><strong>pede</strong></span> <span class='ocrx_word' id='word_1_193' title='bbox 728 3812 848 3889; x_wconf 90' lang='lat' dir='ltr'><strong>pellere</strong></span> <span class='ocrx_word' id='word_1_194' title='bbox 865 3817 1020 3886; x_wconf 87' lang='lat' dir='ltr'><strong>matrem;</strong></span> 
     </span>
     <span class='ocr_line' id='line_1_32' title="bbox 191 3919 987 3997; baseline -0.003 -15"><span class='ocrx_word' id='word_1_195' title='bbox 191 3922 278 3982; x_wconf 90' lang='lat' dir='ltr'><strong>unde</strong></span> <span class='ocrx_word' id='word_1_196' title='bbox 297 3921 490 3983; x_wconf 87' lang='lat' dir='ltr'><strong>oriebantur</strong></span> <span class='ocrx_word' id='word_1_197' title='bbox 507 3919 595 3981; x_wconf 91' lang='lat' dir='ltr'><strong>risus</strong></span> <span class='ocrx_word' id='word_1_198' title='bbox 613 3921 787 3997; x_wconf 89' lang='lat' dir='ltr'><strong>dulcesque</strong></span> <span class='ocrx_word' id='word_1_199' title='bbox 807 3920 987 3995; x_wconf 69' lang='lat' dir='ltr'><strong>cachinni·</strong></span> 
     </span>
    </p>
   </div>
   <div class='ocr_carea' id='block_1_3' title="bbox 186 4052 452 4115">
    <p class='ocr_par' dir='ltr' id='par_1_3' title="bbox 186 4052 452 4115">
     <span class='ocr_line' id='line_1_33' title="bbox 186 4052 452 4115; baseline 0.004 -15"><span class='ocrx_word' id='word_1_200' title='bbox 186 4053 252 4102; x_wconf 88' lang='grc'><strong>1386</strong></span> <span class='ocrx_word' id='word_1_201' title='bbox 262 4054 329 4113; x_wconf 76' lang='lat' dir='ltr'><strong>fort.</strong></span> <span class='ocrx_word' id='word_1_202' title='bbox 346 4052 452 4115; x_wconf 88' lang='lat' dir='ltr'><strong>repleta</strong></span> 
     </span>
    </p>
   </div>
   <div class='ocr_carea' id='block_1_4' title="bbox 685 4187 757 4238">
    <p class='ocr_par' dir='ltr' id='par_1_4' title="bbox 685 4187 757 4238">
     <span class='ocr_line' id='line_1_34' title="bbox 685 4187 757 4238; baseline -0.014 -10"><span class='ocrx_word' id='word_1_203' title='bbox 685 4187 757 4238; x_wconf 86' lang='lat'>[211]</span> 
     </span>
    </p>
   </div>
   <div class='ocr_carea' id='block_1_5' title="bbox 0 0 1630 4686">
    <p class='ocr_par' dir='ltr' id='par_1_5' title="bbox 0 0 1630 4686">
     <span class='ocr_line' id='line_1_35' title="bbox 0 0 1630 4686; baseline 0 0"><span class='ocrx_word' id='word_1_204' title='bbox 0 0 1630 4686; x_wconf 95' lang='lat' dir='ltr'><strong> </strong></span> 
     </span>
    </p>
   </div>
  </div>
 </body>
</html>
