3234 4686
549 411 579 460 Τ.
600 410 763 462 arcear!
783 409 872 460 CARI

174 633 207 688 et
224 626 336 704 rapidi
353 626 507 690 fremitus
523 633 555 690 et
570 647 742 689 murmura
758 647 878 704 magna
894 624 1069 687 minarum.

194 737 268 799 -Ο
285 757 388 814 genus
406 736 526 800 infelix
541 738 733 813 humanum,
751 736 833 799 talia
850 735 938 798 diuis

175 866 250 908 cum
266 846 386 909 tribuit
402 846 495 909 facta
510 853 608 923 atque
625 846 693 908 iras
709 844 862 909 adiunxit
878 846 1027 908 acerbas!

175 962 317 1033 quantos
332 962 405 1018 tum
419 955 560 1033 gemitus
575 955 640 1033 ipsi
654 955 726 1031 sibi,
743 961 931 1033 quantaque
946 953 1041 1016 nobis

174 1066 322 1141 uolnera,
339 1085 420 1142 quas
435 1064 588 1128 lacrimas
603 1086 760 1143 peperere
775 1063 955 1126 minoribu’
971 1062 1109 1124 nostris!

175 1195 235 1237 aee
254 1175 360 1252 pietas
378 1175 479 1237 ullast
496 1175 644 1237 uelatum
661 1194 757 1252 saepe
774 1172 883 1235 uideri

175 1284 302 1347 uertier
317 1285 360 1347 ad
376 1284 520 1362 lapidem
535 1291 634 1362 atque
649 1284 754 1346 omnis
770 1283 922 1346 accedere
939 1283 982 1345 ad
998 1302 1072 1344 aras

175 1414 235 1456 nec
252 1396 465 1471 procumbere
481 1394 574 1456 humi
590 1400 795 1471 prostratum
811 1400 843 1455 et
859 1393 1004 1470 pandere
1021 1391 1147 1469 palmas

176 1511 254 1567 ante
271 1503 369 1566 deum
386 1505 523 1566 delubra
540 1524 600 1566 nec
617 1524 692 1565 aras
708 1502 869 1580 sanguine
885 1502 991 1564 multo

176 1633 332 1691 spargere
350 1614 604 1691 quadrupedum
621 1633 680 1675 nec
697 1612 784 1674 uotis
801 1618 930 1674 nectere
948 1617 1037 1687 uota,

176 1723 232 1785 sed
249 1742 343 1800 mage
359 1729 480 1800 pacata
495 1742 588 1800 posse
605 1722 714 1785 omnia
729 1729 837 1784 mente
852 1720 950 1783 tueri.

133 1853 255 1895 -aam
270 1852 344 1894 cum
360 1832 556 1909 suspicimus
570 1831 683 1909 magni
699 1831 850 1893 caelestia
866 1830 983 1893 mundi

175 1943 309 2019 templa,
329 1962 428 2019 super
446 1942 613 2018 stellisque
630 1940 829 2003 micantibus
847 1941 980 2003 aethera
996 1939 1108 2016 fixum,

177 2058 210 2113 et
227 2051 321 2113 uenit
338 2050 373 2112 in
390 2058 532 2113 mentem
549 2051 626 2113 solis
642 2051 805 2127 lunaeque
821 2049 963 2126 uiarum,

176 2168 258 2223 tunc
275 2160 349 2222 aliis
365 2180 521 2238 oppressa
536 2160 631 2222 malis
648 2159 682 2220 in
700 2167 833 2237 pectora
850 2180 931 2222 cura

177 2270 235 2332 illa
254 2290 382 2347 quoque
401 2270 671 2347 expergefactum
690 2275 790 2347 caput
809 2269 934 2346 erigere
952 2268 1035 2345 infit,

177 2400 303 2456 nequae
320 2378 407 2443 forte
425 2381 522 2455 deum
539 2379 633 2441 nobis
650 2378 798 2441 inmensa
815 2385 959 2456 potestas

177 2489 230 2565 sit,
247 2489 343 2551 uario
357 2496 448 2551 motu
464 2509 547 2566 quae
563 2488 705 2551 candida
721 2488 830 2551 sidera
846 2493 965 2550 uerset.

162 2599 173 2674 (
178 2604 320 2676 temptat
337 2598 423 2661 enim
441 2598 575 2660 dubiam
591 2607 733 2661 mentem
750 2597 888 2660 rationis
905 2605 1039 2675 egestas,

177 2727 375 2784 ecquaenam
392 2707 497 2769 fuerit
513 2707 630 2770 mundi
647 2706 800 2785 genitalis
817 2707 917 2784 origo,

178 2824 210 2879 et
226 2817 324 2878 simul
340 2837 460 2893 ecquae
476 2816 519 2879 sit
534 2817 609 2879 finis
626 2818 734 2894 quoad
750 2816 878 2880 moenia
893 2816 1009 2878 mundi

177 2934 210 2988 et
225 2925 320 2988 taciti
335 2934 444 2988 motus
458 2927 547 2988 hunc
562 2926 689 3004 possint
705 2925 793 2988 ferre
808 2927 962 3002 laborem,

177 3056 221 3098 an
235 3035 400 3097 diuinitus
416 3042 551 3098 aeterna
566 3036 689 3098 donata
704 3036 810 3098 salute

178 3151 340 3223 perpetuo
357 3145 483 3222 possint
502 3144 576 3207 aeui
593 3144 738 3207 labentia
756 3151 867 3206 tractu

177 3254 317 3318 inmensi
332 3254 462 3317 ualidas
478 3254 552 3317 aeui
568 3260 774 3316 contemnere
790 3253 900 3328 uiris)

134 3369 349 3441 —praeterea
367 3363 421 3426 cui
438 3383 505 3425 non
523 3362 652 3426 animus
670 3362 848 3425 formidine
867 3363 979 3425 diuom

178 3473 396 3549 contrahitur,
414 3472 468 3535 cui
484 3492 551 3534 non
568 3477 747 3550 correpunt
764 3473 910 3534 membra
927 3492 1060 3550 pauore,

178 3582 330 3645 fulminis
343 3581 495 3644 horribili
510 3602 584 3644 eum
599 3582 698 3659 plaga
712 3581 841 3643 torrida
855 3581 953 3643 tellus

178 3692 352 3755 contremit
369 3699 401 3755 et
417 3712 574 3769 magnum
591 3698 799 3769 percurrunt„
809 3710 981 3752 murmura
997 3689 1143 3752 caelum?

178 3823 243 3864 non
261 3800 378 3880 populi
396 3808 573 3879 gentesque
590 3805 747 3875 tremunt,
766 3818 922 3876 regesque
940 3797 1074 3876 superbi

178 3911 364 3990 corripiunt
381 3910 491 3972 divom
507 3908 653 3987 percussi
671 3909 816 3971 membra
832 3906 959 3984 timore,

173 4043 238 4092 1214
248 4043 321 4104 vulp.
336 4039 449 4091 solliciti

672 4174 746 4225 [205]
