3190 4682
551 459 582 510 T.
602 459 766 512 LVGBETI
785 460 874 512 cnm

176 691 255 734 uam
273 692 347 734 cum
365 672 521 751 mittitur,
540 675 704 752 extemplo
723 675 893 752 protrudit
912 675 1046 754 agitque

127 783 130 788 ’
176 801 256 844 aera
271 781 328 858 qui
344 782 432 846 inter
446 802 480 846 se
495 803 634 860 cumque
650 792 697 847 est
714 785 886 861 oculosque
902 786 1037 862 locatus,

176 891 270 968 isque
284 891 332 954 ita
346 911 405 969 per
420 899 549 954 nostras
563 893 649 956 acies
663 893 848 970 perlabitur
864 894 968 956 omnis

176 1006 210 1063 et
225 1001 320 1077 quasi
336 1008 503 1079 perterget
518 1002 665 1080 pupillas
675 1008 777 1081 atque
792 1003 841 1066 ita
855 1003 986 1066 transit.

159 1109 357 1187 (propterca
371 1110 410 1173 fit
425 1111 476 1173 uti
491 1111 663 1174 uideamus
680 1132 778 1190 quam
794 1112 911 1189 procul
927 1112 1012 1176 absit

175 1239 230 1282 res
244 1220 400 1296 quaque.)
441 1227 472 1284 et
487 1227 611 1297 quanto
625 1221 701 1298 plus
714 1221 798 1284 aeris
813 1228 890 1284 ante
904 1221 1052 1299 agitatur

175 1336 210 1390 et
227 1334 357 1391 nostros
372 1330 481 1392 oculos
497 1336 665 1407 perterget
682 1330 810 1407 longior
827 1351 919 1408 aura,

175 1444 247 1500 tam
262 1438 378 1515 procul
394 1458 460 1502 esse
475 1439 580 1516 magis
596 1459 648 1502 res
664 1459 812 1516 quaeque
827 1446 953 1502 remota
967 1440 1113 1504 uidetur.

130 1546 301 1609 —scilicet
318 1548 397 1610 haec
414 1568 538 1612 summe
556 1548 653 1611 celeri
670 1549 799 1611 ratione
817 1555 989 1626 geruntur,

175 1657 274 1733 quale
289 1656 332 1719 sit
346 1663 385 1720 ut
399 1657 571 1720 uideamus
585 1666 617 1721 et
633 1678 701 1720 una
715 1679 814 1735 quam
830 1659 946 1736 procul
961 1658 1055 1722 absit.

241 1851 332 1913 Illud
348 1850 384 1912 in
400 1850 450 1913 his
467 1853 565 1914 rebus
581 1851 714 1915 minime
731 1851 881 1916 mirabile
897 1853 1128 1931 habendumst‚

175 1980 246 2037 cur,
263 1980 399 2038 eaquae
416 1960 541 2024 feriant
558 1961 667 2024 oculos
682 1961 859 2024 simulacra
874 1961 983 2024 uideri

173 2069 309 2147 singula
322 2089 396 2132 cum
410 2076 584 2148 nequeant,
601 2090 654 2133 rcs
667 2071 758 2148 ipsae
773 2071 1028 2149 perspiciantur.

174 2185 296 2241 ventus
310 2178 397 2240 enim
411 2199 539 2257 quoque
555 2180 718 2257 paulatim
733 2201 807 2243 cum
821 2182 976 2244 uerberat
990 2188 1023 2245 et
1037 2202 1111 2244 cum

174 2308 251 2351 acre
268 2288 343 2351 fluit
359 2288 478 2367 frigus,
496 2309 562 2351 non
579 2290 711 2367 prinam
728 2310 891 2369 quamque
908 2292 1048 2354 solemus

174 2397 376 2475 particulam
392 2398 486 2460 uenti
503 2398 624 2462 sentire
641 2408 673 2462 et
691 2399 827 2477 frigoris
844 2400 923 2476 eius,

173 2507 232 2569 sed
248 2507 352 2585 magis
366 2528 535 2585 unorsum,
551 2508 686 2587 fierique
703 2509 840 2587 perinde
856 2509 1007 2573 uidemus

173 2636 310 2693 corpore
327 2622 399 2679 tum
416 2618 532 2695 plagas
549 2618 584 2679 in
601 2625 714 2681 nostro
731 2625 900 2696 tamquam
918 2619 1047 2696 aliquae
1064 2640 1117 2685 res

174 2726 327 2788 uerberat
341 2732 440 2804 atque
454 2726 506 2789 sui
519 2727 575 2790 dct
589 2747 720 2790 sensum
734 2728 881 2805 corporis
895 2735 998 2791 extra.

173 2840 348 2911 praeterea
364 2834 509 2913 lapidem
526 2836 632 2914 digito
649 2857 723 2898 cum
739 2837 921 2913 tundimus
939 2838 1047 2915 ipsum

173 2943 343 3021 tangimus
359 2951 540 3008 extremum
557 2945 628 3008 saxi
644 2966 872 3023 summumque
888 2948 1037 3025 colorem,

175 3073 234 3115 nec
251 3053 410 3116 sentimus
427 3074 500 3117 eum
516 3061 618 3132 tactu,
636 3075 753 3118 uerum
769 3057 875 3134 magis
890 3056 996 3135 ipsam

175 3162 333 3225 duritiem
349 3164 482 3241 penitus
498 3165 569 3227 saxi
585 3165 743 3228 sentimus
759 3165 794 3227 in
811 3167 887 3229 alto.

367 3439 495 3489 VLTRA
517 3440 721 3491 SPECVLVM
745 3441 819 3491 CVR
842 3441 1039 3492 VIDEATVR

237 3529 334 3591 Nunc
351 3549 419 3606 age,
436 3550 496 3591 cur
512 3530 603 3592 ultra
618 3531 787 3607 speculum
803 3530 960 3593 uideatur
976 3530 1085 3608 imago

175 3637 324 3715 percipe;
341 3658 418 3700 nam
434 3645 521 3701 certe
538 3639 671 3716 penitus
686 3646 811 3701 remota
826 3640 971 3702 uidetur.

129 3748 262 3824 —quod
278 3767 381 3824 genus
398 3748 456 3810 illa
472 3747 555 3810 foris
571 3768 654 3825 quae
671 3768 748 3811 uere
765 3749 1042 3827 transpiciuntur,
1093 3760 1096 3769 '

175 3855 276 3920 ianua
291 3877 365 3918 cum
382 3876 442 3934 per
458 3877 491 3920 se
507 3862 734 3934 transpectum
751 3860 888 3935 pracbct
905 3865 1066 3936 apertum,

175 3966 280 4029 multa
295 3965 443 4044 facitque
460 3965 544 4028 foris
560 3987 599 4027 ex
616 3967 752 4030 aedibus
768 3974 807 4029 ut
823 3968 1012 4030 uideantur.

185 4071 235 4121 270
247 4072 317 4132 culp.
333 4077 436 4122 semota

668 4225 741 4278 [127]
