3234 4686
558 463 586 511 T.
607 463 728 515 LVCBE
732 463 770 512 TI
791 463 879 514 ellel

184 696 316 741 cernere
331 678 464 740 odorari
479 677 556 740 lieet
572 685 604 741 et
620 678 742 741 sentire
759 698 883 741 sonare.

446 784 604 844 <RARAS
623 784 694 835 RES
713 784 836 836 OMNIS
855 783 978 843 ESSE>

245 873 342 935 Nunc
360 873 463 935 omnis
480 880 627 950 repetam
644 893 743 951 quam
760 894 837 935 raro
852 893 987 951 corpore
1004 873 1071 936 sint
1087 893 1140 935 res

182 1002 450 1059 commemorare;
469 983 556 1060 quod
573 982 609 1044 in
626 983 735 1060 primo
751 1003 878 1060 quoque
895 968 1038 1045 carmine
1056 984 1168 1047 claret.

141 1092 307 1170 —quippe
325 1092 455 1169 etenim,
474 1113 672 1170 quamquam
690 1093 812 1155 multas
828 1093 888 1155 hoc
906 1093 1051 1170 pertinet
1068 1094 1110 1156 ad
1129 1113 1180 1155 res

183 1222 324 1278 noscere,
343 1223 417 1264 cum
435 1202 551 1280 primis
568 1204 653 1266 hanc
671 1204 713 1266 ad
731 1224 800 1265 rem
818 1202 972 1280 protinus
989 1202 1104 1280 ipsam,

184 1332 250 1388 qua
265 1312 305 1373 de
321 1312 479 1374 disserere
496 1313 681 1390 adgredior,
696 1312 828 1375 firmare
844 1319 1003 1375 necessest

183 1421 232 1483 nil
249 1442 316 1485 esse
334 1422 370 1483 in
387 1430 544 1500 promptu
562 1422 627 1484 nisi
644 1422 784 1485 mixtum
802 1442 921 1500 eorpus
940 1422 1041 1485 inani.

183 1531 349 1609 principio
364 1531 403 1594 fit
419 1539 458 1594 ut
474 1532 509 1593 in
526 1532 691 1609 speluncis
706 1552 787 1595 saxa
802 1552 946 1609 superna

183 1643 302 1704 sudent
317 1662 430 1705 umore
447 1649 480 1705 et
496 1643 600 1719 guttis
616 1642 825 1705 manantibu'
842 1642 977 1706 stillent.

184 1757 296 1814 manat
314 1752 393 1813 item
411 1751 505 1814 nobis
522 1772 538 1813 e
557 1759 627 1815 tote
645 1772 779 1830 corpore
798 1752 908 1828 sudor,

184 1862 300 1924 crescit
315 1863 418 1924 barba
433 1861 558 1939 pilique
575 1883 634 1940 per
650 1862 758 1924 omnia
775 1864 929 1938 membra,
946 1883 1006 1940 per
1023 1870 1124 1926 artus.

184 1971 313 2033 diditur
329 1971 364 2032 in
381 1991 483 2033 uenas
500 1972 591 2034 cibus
608 1972 722 2048 omnis,
740 1979 839 2050 auget
857 1973 981 2050 alitque

184 2080 330 2157 corporis
348 2088 509 2143 extremas
526 2102 654 2158 quoque
673 2082 779 2159 partis
797 2083 1066 2160 unguiculosque.

183 2190 294 2268 frigus
310 2190 388 2253 item
405 2191 547 2253 transire
565 2212 625 2269 per
643 2212 696 2254 aes
713 2192 921 2270 calidumque
938 2212 1096 2270 uaporem

184 2300 351 2377 sentimus
369 2300 528 2363 sentimus
545 2300 623 2363 item
640 2302 783 2365 transire
801 2322 860 2379 per
878 2323 995 2365 aurum

185 2416 282 2486 atque
300 2431 360 2487 per
377 2419 561 2487 argentum,
580 2431 654 2473 cum
671 2412 789 2488 pocula
807 2413 904 2489 plena
922 2420 1079 2475 tenemus.

184 2519 324 2597 denique
342 2540 401 2597 per
416 2521 585 2598 dissaepta
602 2521 772 2583 domorum
789 2542 887 2584 saxea
903 2541 998 2584 uoces

184 2630 396 2706 peruolitant,
416 2637 589 2707 permanat
608 2632 687 2693 odor
705 2629 877 2708 frigusque
895 2651 1063 2708 uaposquc

184 2738 279 2815 ignis,
298 2739 355 2816 qui
373 2739 457 2800 ferri
475 2761 603 2818 quoque
622 2740 690 2803 uim
709 2746 882 2817 penetrare
901 2741 1019 2804 sueuit.

164 2849 324 2925 ldenique
341 2870 406 2927 qua
422 2849 546 2912 circum
562 2850 644 2912 caeli
660 2850 762 2912 lorica
779 2858 903 2912 coercet

183 2958 334 3021 morbida
349 2959 465 3036 uisque
482 2959 580 3022 simul
598 2980 671 3022 cum
689 2959 891 3022 extrinsecus
908 2960 1098 3023 insinuatur

184 3074 215 3130 et
234 3075 461 3145 tempestatem
481 3077 572 3132 terra
591 3070 742 3145 caeloque
763 3077 873 3132 coorta

183 3177 218 3238 in
235 3178 361 3240 caelum
378 3185 548 3255 terrasque
566 3186 708 3241 remotae
726 3178 797 3241 iure
816 3178 1000 3254 facessunt3

184 3287 450 3365 quandoquidem
468 3288 553 3349 nihil
572 3295 619 3350 est
638 3287 702 3349 nisi
720 3309 798 3351 raro
816 3309 950 3366 corpore
969 3311 1099 3353 nexum.

247 3397 323 3459 Huc
340 3398 465 3460 accedit
481 3397 532 3459 uti
549 3418 615 3460 non
633 3398 751 3475 omnia,
770 3419 853 3475 quae
870 3398 1039 3461 iaciuntur

184 3526 322 3584 corpora
338 3527 476 3584 cumque
494 3509 534 3570 ab
552 3509 658 3584 rebus,
677 3509 788 3569 eodem
806 3508 958 3586 praedita
976 3527 1072 3570 sensu

184 3623 282 3694 atque
300 3617 411 3680 eodem
429 3624 526 3694 pacto
543 3618 641 3679 rebus
658 3617 725 3678 sint
743 3618 893 3680 omnibus
911 3625 1000 3694 apta.

143 3726 350 3805 -principio
365 3733 488 3788 terram
505 3728 553 3788 sol
569 3725 720 3802 excoquit
737 3734 769 3789 et
786 3726 869 3790 facit
886 3746 950 3802 are,

195 3858 243 3907 941
255 3873 356 3923 corpus
373 3858 493 3907 mixtum
528 3858 595 3919 fort.
613 3871 713 3921 corpus
730 3858 849 3909 mixtum
867 3859 904 3908 ad

195 3926 245 3975 942
255 3927 327 3987 vulp.
342 3939 457 3989 superne

195 3994 444 4043 954-957n0adum
460 3996 574 4042 sanatus
