3234 4684
570 432 600 481 Τ.
619 431 782 483 marr!
799 432 888 484 canl

197 647 282 725 quid
295 647 400 726 magis
411 647 463 710 his
477 648 576 710 rebus
589 654 720 724 poterat
734 646 884 709 mirabile
899 645 965 708 dici

198 757 384 820 autminus
399 764 476 820 ante
492 758 580 835 quod
596 757 757 820 auderent
772 756 845 819 fore
861 756 993 818 credere
1009 757 1142 832 gentes?

198 866 258 943 nil,
274 873 313 930 ut
330 867 462 944 opinor:
480 866 528 930 ita
543 868 622 929 haec
638 865 762 944 species
777 865 930 928 miranda
946 864 1074 927 fuisset.

179 976 301 1053 (quam
315 975 377 1038 tibi
392 976 457 1038 iam
473 995 577 1052 nem0,
593 976 700 1038 fessus
715 975 833 1038 satiate
849 973 996 1050 uidendi,

198 1085 366 1163 suspicere
381 1084 416 1147 in
432 1085 514 1148 caeli
528 1085 689 1162 dignatur
704 1084 814 1147 lucida
830 1084 954 1161 templa
964 1084 987 1160 1)

147 1194 313 1258 —desine
328 1202 531 1273 quapropter
546 1194 695 1257 nouitate
711 1192 890 1257 exterritus
905 1193 978 1271 ipsa

199 1324 343 1382 expuere
360 1324 400 1366 111
415 1304 524 1366 animo
541 1304 712 1380 rationem,
728 1304 785 1365 sed
800 1302 906 1380 magis
922 1301 991 1366 acri

199 1413 326 1476 iudicio
339 1415 506 1491 perpende
521 1419 562 1490 et,
578 1413 606 1475 si
619 1413 682 1476 tibi
695 1432 777 1475 uera
789 1412 959 1488 uidentur,

200 1523 284 1585 dede
300 1542 425 1599 manus,
443 1527 512 1599 aut,
528 1522 556 1584 si
572 1522 695 1585 falsum
711 1529 768 1598 est,
786 1521 955 1599 accingere
971 1527 1096 1584 contra.

199 1631 332 1710 quaerit
348 1632 435 1695 enim
452 1631 613 1694 rationem
629 1631 767 1707 animus,
784 1651 858 1693 cum
874 1650 1001 1693 summa
1016 1629 1078 1693 loci
1094 1629 1138 1693 sit

199 1740 334 1804 infinita
349 1740 433 1802 foris
447 1742 527 1803 haec
544 1748 639 1803 extra
653 1739 781 1802 moenia
797 1739 923 1816 mundi,

104 1868 108 1875 ⁴
199 1849 284 1927 quid
299 1849 342 1912 sit
358 1849 404 1911 ibi
420 1868 521 1927 porro
534 1869 600 1927 quo
614 1849 801 1927 prospicere
817 1869 920 1926 usque
936 1849 1018 1912 uelit
1033 1868 1124 1912 mens

198 1965 301 2036 atque
319 1959 421 2021 animi
439 1958 545 2021 iactus
562 1958 645 2021 liber
663 1972 729 2035 quo
745 1959 894 2035 peruolet
911 1957 1008 2035 ipse.)

376 2315 487 2366 OMNE
508 2316 721 2366 INFINI'PVM
742 2317 786 2367 IN
808 2317 930 2367 OMNIS
951 2317 1088 2367 PARTIS

266 2404 437 2482 Principio
452 2404 545 2467 nobis
560 2405 595 2466 in
611 2412 747 2468 cunctas
760 2406 909 2483 undique
925 2405 1031 2483 partis

197 2520 235 2576 et
249 2513 351 2576 latere
366 2535 406 2577 ex
420 2521 560 2591 utroque
581 2524 758 2593 <supra>
778 2521 957 2592 supterque
972 2534 1031 2592 per
1047 2534 1140 2578 omne

199 2624 296 2686 nulla
310 2630 359 2687 est
372 2623 465 2700 finis3
480 2624 532 2686 uti
547 2624 653 2700 docui,
667 2644 721 2687 res
735 2624 872 2702 ipsaque
887 2645 946 2701 per
961 2644 994 2688 se

199 2732 418 2809 uociferatnr,
434 2739 467 2795 et
483 2734 588 2796 elucet
602 2740 726 2796 natura
741 2732 913 2811 profundi.

200 2842 295 2903 nullo
310 2841 375 2904 iam
390 2848 487 2919 pacto
500 2842 574 2905 ueri
588 2842 692 2906 simile
708 2863 775 2906 esse
790 2843 1019 2920 putandumst,

200 2949 351 3027 undique
366 2971 440 3013 cum
455 2970 590 3014 uorsum
606 2951 752 3028 spatium
768 2959 863 3014 uacet
880 2950 1047 3013 infinitum

200 3059 392 3137 seminaque
407 3060 581 3123 innumero
596 3080 734 3123 numero
749 3080 940 3137 summaque
956 3060 1126 3138 profunda

202 3168 407 3232 multimodis
423 3169 565 3232 uolitant
582 3177 716 3233 aeterno
732 3170 858 3247 percita
874 3177 975 3246 motu,

201 3280 293 3341 hunc
309 3298 413 3341 unum
429 3285 595 3342 terrarum
612 3281 722 3342 orbem
739 3280 929 3357 caelumque
946 3287 1102 3356 creatum,

203 3387 253 3448 nil
268 3407 364 3465 agere
379 3387 437 3450 illa
451 3387 535 3450 foris
548 3394 598 3450 tot
613 3407 752 3465 corpora
765 3388 926 3452 materiai.

559 3492 723 3543 AIIEIPOS
746 3494 908 3544 MVNDVS

203 3601 280 3643 cum
297 3581 492 3658 praesertim
506 3581 560 3643 hic
576 3581 620 3643 sit
636 3590 758 3645 natura
774 3582 893 3659 factus,
911 3589 942 3645 et
960 3582 1033 3660 ipsa

203 3695 322 3767 sponte
338 3710 399 3753 sua
415 3690 503 3753 forte
519 3691 711 3753 offensando
727 3691 987 3768 seminarem,

204 3797 408 3861 multimodis
424 3806 545 3862 temere
563 3799 726 3862 incassum
744 3799 936 3877 frustraque
954 3788 1074 3877 coacta,

205 3909 339 3971 tandem
357 3908 540 3984 coluerunt,
557 3929 595 3972 ea
612 3929 695 3985 quae
713 3909 860 3972 coniecta
875 3916 1011 3985 repente
1115 3904 1118 3909 ’

205 4037 401 4094 magnarum
416 4037 528 4078 rerum
542 4017 659 4080 fierent
675 4018 809 4081 exordia
824 4037 961 4094 semper,

709 4198 766 4252 [⁷5]
