3190 4682
653 463 704 513 DE
722 464 855 514 RERVM
872 464 1027 514 Nnrvlrn
1046 464 1098 515 ΙΙΙ

360 682 392 740 et
409 677 633 741 dominantior
649 680 692 742 ad
708 679 813 742 uitam
830 700 930 757 quam
945 680 999 743 uis
1013 680 1146 743 animai.

360 807 438 849 uam
452 787 522 849 sine
537 795 646 851 mente
662 789 835 866 animoque
849 790 965 867 nequit
980 789 1123 852 residere
1138 809 1198 868 per
1214 795 1307 853 artus

360 897 518 974 temporis
535 897 687 976 exiguam
704 905 833 976 partem
850 919 929 977 pars
944 900 1015 962 ulla
1031 899 1164 977 animai,

360 1007 416 1069 sed
433 1027 537 1070 comes
552 1007 739 1085 insequitur
754 1008 853 1072 facile
868 1015 901 1071 et
917 1009 1061 1089 discedit¹
1071 1009 1106 1070 in
1122 1028 1221 1072 auras

361 1123 393 1179 et
409 1116 533 1194 gelidos
548 1124 642 1180 artus
657 1117 693 1179 in
708 1118 768 1195 leti
781 1118 907 1196 frigore
921 1118 1054 1196 linquit.

317 1233 396 1289 -at
411 1233 523 1289 manet
539 1226 574 1288 in
589 1227 663 1291 uita
678 1227 732 1290 cui
748 1249 840 1290 mens
855 1228 1049 1305 animusque
1065 1227 1233 1291 remansit.

318 1336 513 1414 -quamuis
529 1344 577 1400 est
594 1337 718 1400 circum
735 1338 837 1400 caesis
853 1339 941 1401 lacer
957 1338 1105 1415 undique
1122 1337 1285 1414 membris,

360 1453 509 1523 truncus,
527 1447 682 1525 adempta
698 1447 808 1510 anima
824 1447 948 1510 circum
964 1447 1182 1525 membrisque
1199 1454 1331 1523 remota,

359 1556 448 1619 uiuit
465 1563 497 1618 et
515 1556 677 1619 aetherias
695 1556 810 1621 uitalis
826 1557 964 1635 suscipit
982 1577 1090 1620 auras

361 1666 389 1728 si
403 1686 470 1728 non
485 1666 689 1743 omnimodis,
704 1674 739 1730 at
753 1688 874 1745 magna
889 1674 984 1746 parte
1001 1667 1124 1730 animai

361 1776 525 1854 priuatus,
542 1783 653 1839 tamen
669 1776 704 1837 in
719 1776 792 1840 uita
808 1784 985 1840 cunctatur
1001 1784 1033 1840 et
1049 1778 1163 1853 haeret
1173 1803 1188 1853 ;¹

361 1892 409 1962 ut,
425 1886 570 1948 lacerato
586 1887 678 1948 oculo
694 1886 819 1949 circum
833 1886 863 1963 si
880 1888 1008 1964 pupula
1023 1886 1146 1949 mansit

362 1995 544 2072 incolumis,
562 2001 629 2058 stat
646 1996 807 2059 cernundi
824 1996 942 2059 uiuata
958 2003 1113 2074 potestas,

361 2106 539 2168 dummodo
553 2125 595 2166 ne
611 2111 718 2168 totum
735 2126 928 2183 corrumpas
943 2106 1078 2168 luminis
1095 2107 1205 2169 orbem

362 2221 395 2278 et
411 2214 534 2277 circum
551 2216 668 2278 caedas
684 2215 785 2279 aciem
801 2217 967 2293 solamque
983 2215 1168 2293 relinquas3

347 2324 398 2400 (id
414 2345 542 2402 quoque
559 2325 646 2386 enim
661 2325 731 2388 sine
747 2324 892 2403 pernicie
908 2346 975 2387 non
990 2325 1045 2388 fiet
1062 2326 1201 2402 eorum.)

362 2441 397 2497 at
413 2434 440 2496 si
455 2436 587 2497 tantula
602 2455 681 2513 pars
697 2435 782 2497 oculi
798 2435 906 2498 media
922 2435 980 2498 illa
995 2455 1110 2514 peresa
1127 2442 1184 2512 est,

362 2544 482 2607 occidit
498 2546 661 2622 extemplo
677 2545 789 2607 lumen
806 2546 1024 2622 tenebraeque
1042 2552 1209 2622 secuntur,

362 2654 535 2717 incolumis
550 2653 702 2731 quamuis
718 2654 841 2732 alioqui
856 2654 1051 2732 splendidus
1066 2655 1163 2717 orbis.

319 2765 422 2826 —hoo
438 2764 548 2826 anima
564 2771 662 2841 atque
679 2764 809 2827 animus
823 2764 930 2827 uincti
947 2769 1025 2826 sunt
1041 2763 1172 2827 foedere
1189 2784 1325 2841 semper.

556 3125 720 3174 ANIMAM
741 3124 924 3174 NATIVAM
945 3124 993 3174 ΕΤ
1016 3123 1232 3174 MORTALEM

425 3214 522 3275 Nunc
540 3233 609 3290 age,
627 3214 758 3275 natiuos
777 3212 1001 3276 animantibus
1019 3219 1051 3274 et
1068 3212 1217 3274 mortalis

363 3343 430 3386 esse
446 3323 572 3386 animos
588 3323 778 3401 animasque
795 3323 879 3385 leuis
894 3330 933 3385 ut
948 3343 1080 3385 noscere
1097 3321 1210 3400 possis,

363 3433 548 3510 conquisita
562 3432 622 3495 diu
638 3433 791 3510 dulcique
807 3438 940 3510 reperta
954 3433 1065 3495 labore

364 3543 466 3620 digna
481 3548 541 3605 tua
556 3563 692 3621 pergam
708 3542 882 3620 disponere
898 3542 1045 3604 carmina
1057 3542 1142 3605 uita.
1204 3565 1207 3570 ·

365 3656 402 3715 tu
418 3652 473 3715 fac
487 3659 666 3729 utrumque
682 3672 751 3715 uno
765 3652 945 3729 subiungas
961 3651 1091 3713 nomine
1108 3671 1230 3727 eorum,

364 3770 462 3839 atque
480 3762 623 3825 animam
639 3762 733 3824 uerbi
750 3782 849 3824 causa
865 3783 938 3824 cum
954 3761 1062 3824 dicere
1078 3781 1224 3840 pergam,
1305 3784 1310 3787 ·

363 3873 534 3934 mortalem
552 3892 619 3934 esse
636 3872 763 3947 docens,
782 3871 928 3934 animum
947 3891 1074 3948 quoque
1093 3871 1200 3933 dicere
1218 3871 1341 3945 credas,

365 3989 528 4059 quatenus
543 3989 591 4045 est
606 4003 710 4044 unum
726 3981 814 4043 inter
829 4001 861 4044 se
877 3980 1117 4058 coniunctaque
1132 4001 1185 4043 res
1200 3986 1257 4043 est.

373 4114 507 4175 421votp.
523 4115 573 4164 sub
588 4114 687 4179 iungas

868 4239 925 4290 [94]
