3190 4682
654 466 705 517 DE
722 466 855 525 RERVM
872 466 1027 516 NATVRA
1046 464 1097 516 ΙΙΙ

361 687 539 760 propterea
553 680 632 760 quia
647 702 714 743 non
730 682 829 744 simili
845 681 973 745 ratione
988 681 1171 758 tenentur.)

318 811 481 869 —corpus
497 791 584 855 enim
602 797 700 869 atque
718 791 869 856 animans
885 791 949 854 erit
966 811 1031 868 aer,
1049 790 1077 852 si
1094 790 1243 853 cohibere

361 921 429 964 sese
444 900 556 964 anima
570 908 669 978 atque
684 901 720 962 in
735 921 787 965 eos
803 901 1135 978 poteritconcludere
1149 905 1257 962 motus

362 1006 444 1088 quos
457 1017 534 1073 ante
550 1010 585 1072 in
600 1010 714 1073 neruis
729 1019 761 1074 et
778 1011 813 1071 in
828 1011 900 1088 ipso
916 1029 1051 1088 corpore
1066 1011 1193 1087 agebat.

318 1141 463 1211 —quare
479 1120 579 1184 etiam
594 1127 692 1198 atque
708 1121 807 1184 etiam
822 1120 967 1183 resoluto
982 1119 1128 1196 corporis
1144 1118 1232 1180 omni

361 1230 504 1308 tegmine
521 1237 554 1294 et
569 1230 679 1293 eiectis
696 1237 790 1293 extra
805 1229 966 1293 uitalibus
982 1229 1073 1292 auris

361 1339 498 1403 dissolui
512 1359 625 1403 sensus
640 1339 741 1403 animi
757 1338 884 1403 fateare
898 1345 1058 1433 necessest

361 1456 460 1527 atque
476 1449 628 1527 animam,
646 1449 801 1526 quoniam
817 1448 1024 1511 coniunctast
1040 1468 1139 1510 causa
1154 1448 1291 1509 duobus.

424 1644 574 1721 Denique
590 1664 664 1706 cum
680 1664 799 1722 corpus
814 1648 956 1721 nequeat
971 1643 1120 1721 perferre
1137 1641 1260 1705 animai

361 1753 537 1817 discidium
552 1753 633 1831 quin
648 1754 684 1814 in
699 1759 787 1816 tetro
800 1755 946 1816 tabescat
962 1754 1069 1829 odore,

361 1863 442 1941 quid
457 1863 589 1926 dubitas
605 1863 686 1940 quin
702 1885 742 1926 ex
757 1863 821 1926 imo
837 1862 1034 1941 penitusque
1050 1868 1160 1925 coorta

360 1973 523 2036 emanarit
536 1972 588 2036 uti
603 1972 717 2036 fumus
732 1972 854 2035 diffusa
869 1972 996 2035 animae
1011 1972 1073 2048 uis,

361 2090 459 2160 atque
473 2083 549 2145 ideo
561 2089 658 2145 tanta
671 2088 837 2145 mutatum
853 2088 951 2159 putre
966 2080 1066 2144 ruina

360 2192 541 2255 conciderit
557 2212 685 2271 corpus,
703 2192 836 2270 penitus
853 2191 931 2269 quia
946 2197 1035 2254 mota
1050 2192 1120 2253 loco
1136 2197 1214 2253 sunt

360 2302 589 2385 fundamenta,
608 2301 699 2364 foras
716 2307 871 2364 manante
890 2301 1063 2378 animaque
1082 2321 1141 2378 per
1159 2307 1253 2363 artus

360 2432 484 2490 perque
499 2412 632 2474 uiarum
647 2411 752 2474 omnis
767 2412 879 2486 flexus
897 2411 932 2472 in
948 2415 1084 2487 corpore
1100 2410 1157 2487 qui
1173 2416 1259 2484 sunt,

360 2528 458 2598 atque
476 2521 662 2584 foramina?
700 2520 903 2583 multimodis
919 2526 958 2583 ut
973 2540 1105 2582 noscere
1122 2519 1226 2597 possis
1265 2594 1267 2600 ‚

359 2631 570 2708 dispertitam
586 2631 714 2694 animae
730 2635 885 2693 naturam
901 2628 1003 2693 exisse
1019 2649 1079 2707 per
1095 2636 1190 2692 artus

360 2748 392 2803 11
406 2741 500 2819 prius
515 2760 581 2803 esse
596 2740 659 2803 sibi
673 2741 866 2802 distractam
881 2759 1016 2816 corpore
1032 2738 1067 2799 in
1082 2738 1163 2816 ipso,

360 2870 459 2927 quam
476 2852 632 2929 prolapsa
649 2850 741 2912 foras
758 2856 871 2912 enaret
889 2848 924 2909 in
941 2848 1026 2911 11111
1044 2868 1151 2911 auras.

424 2960 512 3038 Quin
530 2960 629 3022 etiam
645 2959 721 3022 finis
738 2960 818 3021 dum
834 2959 924 3022 uitae
941 2958 1087 3021 uertitur
1104 2957 1203 3033 intra,

360 3090 456 3148 saepe
472 3069 584 3147 aliqua
600 3077 710 3132 tamen
727 3091 744 3132 e
760 3089 859 3131 causa
875 3066 1040 3131 labefacta
1055 3067 1191 3129 uidetur

358 3178 407 3241 ire
425 3179 535 3242 anima
551 3200 588 3241 ac
604 3186 674 3241 toto
690 3178 774 3241 solui
791 3179 831 3239 de
848 3197 983 3255 corpore
1006 3177 1164 3248 <uelle>

360 3295 392 3352 et
406 3289 500 3366 quasi
514 3272 668 3366 supremo
680 3289 890 3365 languescere
904 3293 1051 3364 tempore
1065 3287 1178 3349 uoltus

358 3399 543 3476 molliaque,
563 3396 721 3475 exsangui
744 3396 918 3472 <facie>,
938 3396 1053 3459 cadere
1072 3395 1181 3458 omnia
1198 3394 1351 3458 membra.

316 3508 448 3586 —quod
462 3528 566 3585 genus
580 3515 637 3583 est,
654 3507 764 3570 animo
778 3507 862 3569 male
878 3505 1005 3568 factum
1021 3526 1095 3567 cum
1111 3505 1304 3583 perhibetur
1352 3574 1354 3578 μ

359 3625 418 3681 aut
434 3618 577 3681 animam
592 3616 742 3694 liquisse3
760 3615 817 3678 ubi
833 3614 899 3677 iam
915 3615 1105 3692 trepidatur
1121 3620 1154 3676 11
1170 3634 1280 3676 omnes

359 3734 541 3791 extremum
556 3727 697 3805 cupiunt
712 3726 802 3788 uitae
817 3725 1078 3803 repraehendere
1093 3724 1251 3787 uinclum.

359 3844 597 3914 conquassatur
613 3836 700 3897 enim
715 3841 787 3897 tum
802 3855 894 3896 mens
909 3834 1101 3911 animaeque
1118 3839 1262 3911 potestas

359 3947 465 4010 omnis
480 3953 512 4010 et
527 3947 607 4008 haec
622 3945 696 4024 ipso
711 3966 785 4007 cum
801 3964 936 4021 corpore
953 3942 1190 4018 conlabefiunt;

369 4078 480 4129 5861111·
493 4077 550 4128 clia

370 4147 421 4197 596
431 4146 481 4195 atii
494 4145 549 4195 alie

855 4234 927 4286 [100]
