3234 4684
521 501 551 550 Τ.
570 500 732 552 LVCBETI
750 500 839 552 om

150 719 182 776 et
198 712 261 775 sibi
277 734 441 793 proporro
456 736 539 792 quae
556 716 622 779 sint
639 715 821 794 primordia
836 722 1003 793 quaerunt

136 822 419 901 (quandoquidem
432 825 511 888 totis
524 825 719 888 mortalibus
734 825 933 888 adsimulata

151 931 225 1009 ipsa
238 953 367 1010 quoque
383 954 423 997 ex
439 934 514 997 aliis
529 936 649 998 debent
665 941 814 998 constare
830 934 1007 1011 elementis,

149 1041 226 1105 inde
243 1043 309 1106 alia
326 1064 366 1106 ex
381 1043 464 1120 aliis,
482 1064 644 1121 nusquam
661 1044 892 1107 consisterent
909 1044 1028 1120 ausis).

110 1151 274 1231 —quippe
291 1173 419 1230 sequar,
436 1155 663 1231 quodcumque
680 1153 771 1230 loqui
787 1153 960 1243 ridereque
977 1153 1065 1216 dices

149 1267 181 1324 et
195 1281 322 1340 sapere,
338 1284 378 1326 ex
393 1262 468 1326 aliis
482 1264 594 1325 eadem
608 1264 688 1336 haec
704 1262 903 1325 facientibus
918 1270 957 1325 ut
972 1263 1025 1325 sit.

150 1373 236 1448 quod
253 1371 282 1433 si
297 1371 404 1435 delira
417 1373 496 1434 haec
512 1371 704 1449 furiosaque
719 1372 883 1435 cernimus
898 1393 966 1436 esse

149 1487 181 1543 et
196 1480 307 1543 ridere
323 1487 431 1558 potest
445 1501 513 1543 non
528 1501 568 1543 ex
584 1481 770 1544 ridentibus
786 1489 903 1544 auctus

150 1596 181 1652 et
197 1611 314 1668 sapere
329 1597 361 1654 et
376 1589 481 1654 doctis
497 1591 658 1654 rationem
673 1592 811 1654 reddere
827 1590 925 1653 dictis

149 1719 214 1761 non
231 1720 272 1763 ex
287 1699 465 1762 seminibus
480 1699 686 1777 sapientibus
701 1707 800 1779 atque
816 1700 957 1776 disertis,

150 1809 206 1885 qui
221 1808 333 1871 minus
348 1829 415 1873 esse
432 1815 554 1886 queant
571 1830 609 1872 ea
625 1830 711 1886 quae¹
724 1809 846 1873 sentire
862 1809 1014 1873 uidemus

149 1918 329 1981 seminibus
343 1919 506 1996 permixta
522 1919 711 1982 carentibus
724 1919 872 1995 undique
888 1922 1006 1982 sensui

211 2281 363 2359 Denique
380 2282 511 2345 caelesti
526 2303 638 2345 sumus
655 2302 765 2345 ornnes
781 2283 903 2346 semine
920 2283 1070 2346 oriundi:

150 2392 301 2454 omnibus
315 2391 371 2455 ille
386 2391 473 2454 idem
489 2398 584 2469 pater
600 2399 657 2468 est,
673 2393 762 2455 unde
778 2393 865 2455 alma
878 2392 1035 2470 liquentis

150 2500 272 2563 umoris
289 2507 402 2577 guttas
415 2507 521 2563 mater
536 2522 610 2563 cum
625 2508 715 2564 terra
731 2501 865 2579 recepit,

151 2608 218 2672 feta
234 2609 327 2687 parit
341 2609 465 2672 nitidas
482 2609 597 2688 fruges
613 2612 812 2687 arbustaque
828 2612 916 2674 laeta

150 2723 181 2780 et
195 2739 301 2796 genus
314 2718 505 2796 humanum,
522 2719 612 2797 parit
628 2719 738 2783 omnia
751 2721 859 2783 saecla
873 2719 1031 2796 ferarum,

150 2829 272 2904 pabula
287 2848 361 2890 cum
378 2829 514 2906 praebet
530 2829 650 2906 quibus
665 2849 776 2892 omnes
791 2849 930 2906 corpora
946 2836 1087 2906 pascunt

150 2941 181 2999 et
195 2938 324 3001 dulcem
338 2938 466 3001 ducunt
480 2938 585 3001 uitam
600 2939 789 3016 prolemque
804 2944 1001 3016 propagant.

113 3054 354 3126 -quapropter
369 3047 489 3123 merito
504 3055 690 3111 maternum
706 3067 824 3110 nomen
842 3048 964 3125 adepta
981 3055 1038 3111 est.

152 3156 236 3219 cedit
252 3157 331 3220 item
347 3164 447 3234 retro,
463 3158 504 3220 de
520 3165 611 3220 terra
627 3157 715 3235 quod
732 3157 800 3219 fuit
817 3163 903 3233 ante,

151 3263 185 3325 in
201 3273 317 3343 terras,
334 3273 366 3330 et
382 3267 470 3344 quod
485 3266 619 3329 missust
635 3287 675 3330 ex
690 3266 832 3329 aetheris
847 3266 922 3342 oris,

152 3372 186 3435 id
200 3395 334 3438 rursum
349 3375 430 3438 caeli
445 3377 599 3438 rellatum
615 3375 740 3453 templa
754 3382 935 3454 receptant.

113 3502 208 3546 ——oec
223 3483 270 3547 sic
285 3483 453 3547 interemit
467 3504 555 3547 mors
569 3505 622 3548 res
636 3491 675 3547 ut
689 3484 842 3548 materiai

153 3611 289 3670 corpora
304 3593 463 3669 conficiat,
480 3595 537 3656 sed
553 3600 680 3656 coetum
695 3593 848 3672 dissupat
864 3594 945 3671 ollis,

153 3699 227 3766 inde
244 3703 317 3766 aliis
333 3703 425 3765 aliud
442 3702 613 3780 coniungit
630 3710 662 3766 61
679 3703 775 3767 efficit
793 3703 897 3766 omnis

153 3829 204 3873 res
218 3812 265 3875 ita
280 3818 477 3875 conuertunt
492 3811 617 3873 formas
632 3817 826 3889 mutentque
842 3813 965 3874 colores

154 3926 185 3982 et
199 3922 333 3999 capiant
348 3941 462 3984 sensus
476 3929 509 3984 et
525 3928 811 3999 punctortempore
826 3921 986 3999 reddant;

148 4050 293 4113 10006616.
307 4022 454 4108 ¹missumst

149 4117 220 4183 1004,
231 4121 298 4171 1005
308 4120 359 4169 alic·
372 4120 429 4169 alic
