3190 4682
675 437 727 488 Du
744 437 878 487 RERVM
894 436 1050 486 NATVRA
1069 437 1112 486 11⁷

381 671 474 730 reges
493 659 695 730 expugnant,
714 652 903 729 capiuntur,
923 651 1049 731 proelia
1066 651 1213 718 miscent.

274 809 279 825 .
380 762 506 824 tollunt
523 762 697 825 clamorem
715 762 808 839 quasi
826 762 854 824 si
873 741 1067 839 iugulentur
1085 761 1215 824 ibidem.

381 871 479 933 multi
495 872 690 949 depugnant
704 871 909 949 gemitusque
925 871 1093 934 doloribus
1109 872 1212 934 edunt

382 988 415 1044 et
433 981 527 1058 quasi
547 981 728 1057 pantherae
746 1000 857 1042 morsu
875 980 1008 1043 saeuiue
1027 979 1129 1043 leonis

381 1090 585 1152 mandantur
600 1089 728 1167 magnis
744 1089 942 1153 clamoribus
957 1089 1067 1152 omnia
1082 1090 1255 1166 complent.

381 1200 479 1262 multi
496 1200 536 1263 de
552 1199 681 1277 magnis
698 1220 757 1276 per
773 1219 923 1261 somnum
938 1199 1034 1262 rebu'
1051 1199 1229 1276 loquentur

381 1308 569 1386 indicioque
588 1308 639 1371 sui
659 1308 742 1371 facti
762 1328 918 1387 persaepe
939 1308 1042 1371 fuere.

381 1418 479 1481 multi
495 1425 633 1482 mortem
650 1420 780 1481 obeunt.
818 1418 925 1495 multi,
943 1419 983 1482 de
999 1417 1165 1480 montibus
1182 1417 1257 1481 altis

381 1536 421 1591 ut
438 1528 496 1606 qui
514 1527 734 1606 praecipitent
753 1528 796 1591 ad
814 1533 937 1590 terram
956 1546 1091 1604 corpore
1109 1533 1188 1603 toto,

382 1643 592 1700 exterrentur
607 1643 640 1700 et
656 1656 695 1698 ex
712 1658 823 1701 somno
839 1637 933 1714 quasi
949 1637 1112 1700 mentibu'
1130 1636 1219 1715 capti

381 1747 441 1809 uix
457 1748 499 1810 ad
515 1766 548 1809 00
564 1748 705 1810 1011011111
722 1747 862 1824 permoti
879 1747 1025 1825 corporis
1042 1753 1144 1809 aestu.

382 1857 504 1920 flumen
521 1856 599 1919 item
616 1856 731 1919 sitiens
749 1864 807 1919 aut
825 1855 951 1919 fontem
968 1863 1106 1934 propter
1123 1875 1292 1919 amoenum

381 1966 511 2029 adsidet
528 1973 560 2028 et
576 1971 683 2029 totum
701 1985 803 2044 prope
820 1964 974 2028 faucibus
990 1970 1129 2042 occupat
1146 1984 1281 2028 amnem.

381 2075 460 2153 puri
475 2096 571 2154 saepe
584 2076 692 2138 lacum
706 2081 844 2154 propter
857 2075 885 2137 si
900 2095 937 2137 ac
952 2074 1041 2138 dolia
1055 2081 1151 2138 curta

381 2205 495 2247 somno
510 2185 658 2248 deuincti
674 2185 815 2247 credunt
831 2203 864 2246 se
882 2184 1035 2246 extollere
1052 2190 1186 2261 uestem,

381 2295 485 2357 totius
504 2314 651 2357 umorem
671 2301 836 2357 saccatum
857 2293 1001 2372 corpori'
1022 2293 1182 2370 fundunt,

381 2424 456 2466 cum
475 2405 679 2481 Babylonica
695 2404 869 2483 magnifico
886 2405 1060 2482 splendore
1078 2404 1242 2482 rigantur.
1334 2418 1336 2423 ’

714 2511 764 2560 DE
785 2510 908 2560 REBVS
929 2509 1108 2560 VENERIIS

382 2602 453 2661 tum
469 2599 589 2676 quibus
604 2599 722 2662 aetatis
738 2599 826 2661 freta
842 2599 998 2689 primitus
1014 2598 1205 2661 insinuatur

380 2728 499 2784 semen,
516 2708 573 2771 ubi
590 2708 663 2786 ipsa
679 2708 748 2771 dies
764 2708 917 2771 membris
932 2713 1066 2770 matura
1081 2708 1217 2785 creauit,

381 2817 584 2880 conueniunt
602 2817 778 2880 simulacra
796 2817 879 2880 foris
898 2839 914 2881 0
933 2837 1068 2894 corpore
1087 2837 1214 2895 quoque

381 2927 501 2990 nuntia
520 2927 683 3005 praeclari
701 2927 812 2989 uoltus
830 2926 1026 3004 pulchrique
1045 2927 1170 3003 coloris,

382 3037 439 3114 qui
454 3036 517 3099 ciet
532 3037 675 3099 inritans
690 3037 761 3099 loca
776 3036 912 3114 turgida
927 3035 1048 3098 semine
1063 3037 1177 3112 multo,

380 3154 419 3208 ut
437 3146 530 3223 quasi
548 3145 726 3208 transactis
743 3166 839 3223 saepe
857 3145 1004 3208 omnibu'
1023 3145 1118 3207 rebu'
1138 3144 1343 3223 profundant

381 3254 527 3318 fluminis
543 3254 686 3333 ingentis
702 3254 824 3316 fluctus
838 3259 1026 3331 uestemque
1044 3259 1227 3316 cruentant.

1447 1393 1499 1446 1020
1557 1412 1558 1433 r

1443 1934 1495 1989 1025

445 3548 651 3612 Sollicitatur
668 3549 703 3610 id
725 3548 834 3620 <in>
856 3548 959 3625 nobis,
977 3548 1064 3639 quod
1082 3547 1225 3610 diximus
1243 3554 1326 3622 ante,

381 3679 499 3735 semen,
517 3659 633 3722 adulta
650 3664 739 3721 aetas
756 3679 830 3720 cum
848 3657 992 3735 primum
1009 3658 1142 3720 roborat
1160 3664 1262 3720 artus.

365 3770 523 3845 (namque
539 3766 621 3831 alias
636 3767 727 3830 aliud
744 3788 796 3830 res
812 3774 992 3830 commouet
1009 3774 1107 3844 atque
1123 3766 1269 3843 lacessit;

375 3901 442 3949 1013
454 3900 521 3962 fort.
537 3914 616 3950 arces

376 3969 442 4017 1022
454 3972 637 4018 exterruntur

375 4037 442 4086 1026
454 4038 520 4098 fort.
536 4035 596 4100 poti
