3234 4686
532 461 562 510 Τ.
583 460 745 511 manfr
766 460 854 510 CARI

154 675 258 752 idque
274 674 465 738 minutatim
480 674 586 737 uitam
602 674 757 752 prouexit
772 674 808 735 in
824 675 929 738 altum

154 791 188 847 et
204 783 284 846 belli
298 804 433 862 magnos
447 784 623 847 commouit
638 783 794 847 funditus
809 791 927 847 aestus.

119 929 121 934 ·
220 895 268 956 At
284 894 401 971 uigiles
416 894 534 956 mundi
549 913 706 971 magnum
720 893 877 956 uersatile
892 893 1053 970 templum

153 1004 255 1066 solet
272 1004 353 1066 luna
369 1023 428 1066 suo
445 1004 627 1066 lustrantes
643 1001 766 1065 lumine
784 1002 908 1065 circum

154 1114 359 1191 perdocuere
374 1112 521 1176 homines
538 1133 700 1175 annorum
717 1119 866 1189 tempora
881 1112 970 1175 uerti

156 1229 190 1284 et
206 1227 297 1285 certa
311 1222 439 1285 ratione
455 1216 526 1299 geri
541 1242 610 1284 rem
627 1230 725 1299 atque
742 1221 856 1283 ordine
873 1228 971 1284 certo.

221 1333 293 1394 Iam
310 1332 432 1394 ualidis
449 1332 556 1410 saepti
573 1333 736 1409 degebant
751 1330 902 1393 turribus
920 1351 1034 1394 aeuom

158 1449 190 1504 et
209 1441 319 1504 diuisa
336 1442 504 1504 colebatur
522 1442 728 1519 discretaque
745 1441 853 1504 tellus.

158 1555 230 1613 tum
247 1571 336 1615 mare
354 1551 507 1614 ueliuolis
523 1551 659 1614 florebat
682 1550 862 1622 <nauibus
878 1556 1013 1627 atque>

157 1660 284 1724 auxilia
301 1681 338 1724 ac
353 1661 455 1723 socios
472 1660 537 1723 iam
554 1667 650 1738 pacto
666 1660 798 1723 foedere
814 1661 988 1735 habebant,

156 1769 360 1833 carminibus
377 1791 452 1832 cum
468 1790 520 1834 res
537 1778 644 1848 gestas
662 1790 795 1847 coepere
813 1776 928 1847 poetae

155 1881 308 1956 tradere;
324 1899 384 1942 nec
399 1881 505 1942 multo
521 1879 612 1957 priu'
629 1886 707 1941 sunt
724 1880 883 1941 elementa
899 1885 1041 1955 reperta.

113 1995 336 2067 —propterea
353 1989 434 2066 quid
452 1988 496 2050 sit
514 1989 608 2066 prius
625 1995 736 2051 actum
753 1988 915 2066 respicere
933 1993 1023 2051 aetas

154 2105 273 2161 nostra
288 2097 412 2174 nequit,
430 2097 494 2159 nisi
511 2118 577 2176 qua
593 2098 680 2160 ratio
695 2096 837 2174 uestigia
852 2103 1024 2160 monstrat.

220 2291 365 2369 Nauigia
383 2298 482 2369 atque
501 2292 573 2369 agri
591 2292 739 2354 culturas
756 2292 885 2354 moenia
900 2292 988 2368 leges

155 2422 251 2464 arma
267 2401 340 2464 uias
356 2409 463 2464 uestes
485 2408 591 2472 <et>
613 2409 722 2464 cetera
738 2402 778 2463 de
794 2422 912 2478 genere
928 2402 1056 2476 horum,

155 2511 315 2590 praemia,
334 2510 469 2574 delicias
484 2531 613 2588 quoque
628 2510 719 2573 uitae
736 2510 892 2572 funditus
908 2510 1022 2585 omnis,

156 2620 306 2684 carmina
323 2620 480 2698 picturas,
498 2627 530 2683 et
548 2621 688 2683 daedala
703 2618 799 2697 signa
815 2619 929 2697 polire,

155 2750 237 2793 usus
253 2736 286 2793 et
302 2729 463 2807 impigrae
479 2728 577 2791 simul
593 2728 797 2807 experientia
812 2727 932 2791 mentis

156 2839 321 2917 paulatim
340 2839 452 2931 docuit
472 2838 683 2916 pedetemtim
701 2836 952 2916 progredientis

115 2949 203 3011 =sic
221 2946 486 3025 unumquicquid
504 2947 663 3025 paulatim
684 2947 852 3023 protrahit
870 2953 959 3009 aetas

157 3057 192 3120 in
206 3057 352 3120 medium
367 3056 518 3133 ratioque
534 3057 569 3118 in
584 3055 719 3118 luminis
735 3055 833 3133 erigit
850 3076 932 3118 oras.

156 3188 299 3245 namque
318 3167 385 3230 alid
405 3188 444 3229 ex
463 3166 528 3228 alio
546 3167 722 3228 clarescere
740 3166 837 3228 corde
854 3165 1023 3241 uidebant,

158 3278 286 3340 artibus
303 3277 346 3339 ad
363 3296 527 3338 summum
543 3276 647 3336 donec
664 3293 783 3335 uenere
801 3294 965 3336 cacumen.

151 3409 218 3456 1442
228 3407 303 3468 vulp.
317 3406 373 3457 iam

151 3476 218 3525 1451
228 3473 315 3540 polito
350 3475 417 3536 fort.
434 3473 558 3523 dolando
