3234 4684
582 550 585 554 Δ
640 473 692 523 ΒΕ
710 473 842 523 RERVM
859 473 1014 524 NATVBA
1034 474 1068 524 11

337 695 376 751 ut
391 708 505 751 noscas
521 688 647 751 referre
663 689 776 752 eadem
793 688 975 766 primordia
991 709 1102 752 rerum

338 818 412 861 cum
428 798 547 875 quibus
563 805 594 862 et
610 799 701 876 quali
717 798 867 876 positura
882 799 1115 861 contineantur

338 914 371 970 et
386 928 467 985 quos
481 907 569 970 inter
584 927 616 970 se
632 909 712 970 dent
725 916 834 971 motus
849 907 1088 985 accipiantque,

337 1036 421 1079 neue
436 1024 533 1095 putes
548 1025 682 1081 aeterna
697 1037 797 1096 penes
810 1017 957 1081 residere
969 1025 1095 1096 potesse

338 1146 477 1205 corpora
492 1127 602 1205 prima
616 1128 704 1204 quod
720 1127 756 1188 in
770 1127 906 1189 summis
921 1127 1053 1190 fluitare
1068 1127 1220 1189 uidemus
1245 1162 1248 1167 ·
1338 1168 1341 1175 ·

337 1238 436 1300 rebus
450 1243 483 1300 et
498 1236 666 1319 interdum
681 1237 772 1299 nasci
787 1237 960 1314 subitoque
975 1237 1093 1314 perire.
1105 1272 1107 1277 .

338 1345 420 1424 quin
436 1346 535 1409 etiam
550 1346 657 1409 refert
672 1346 795 1409 nostris
810 1346 846 1407 in
861 1346 1013 1408 uersibus
1029 1345 1110 1424 ipsis

337 1476 412 1518 cum
427 1456 546 1533 quibus
560 1463 592 1519 et
607 1456 697 1533 quali
711 1456 778 1519 sint
793 1456 908 1519 ordine
923 1457 1199 1533 quaequelocata.

336 1586 478 1643 namque
494 1548 607 1629 eadem
623 1566 748 1628 caelum
763 1586 853 1629 mare
868 1574 975 1629 terras
991 1565 1128 1629 flumina
1144 1565 1243 1628 solem

337 1675 535 1753 significant,
553 1676 665 1739 eadem
682 1674 797 1752 fruges
814 1677 951 1738 arbusta
966 1674 1162 1751 animantis3
1210 1720 1213 1725 ,
1302 1722 1304 1725 -

337 1785 448 1847 sinon
464 1784 573 1848 omnia
589 1791 676 1861 sunt,
694 1792 728 1848 at
743 1785 848 1847 multo
863 1784 1006 1848 maxima
1022 1805 1101 1862 pars
1117 1791 1165 1847 est

337 1894 524 1971 consimilia,
543 1914 660 1957 uerum
679 1894 829 1972 positura
848 1894 1066 1970 discrepitant
1085 1914 1146 1956 rea.

337 2003 383 2066 sic
399 2003 481 2082 ipsis
495 2004 530 2065 in
545 2005 644 2066 rebus
658 2003 737 2066 item
752 2003 818 2067 iam
832 2003 985 2066 materiai

323 2113 515 2191 [intervalla
530 2113 603 2176 uias
620 2133 762 2176 conexus
778 2114 925 2191 pondera
942 2113 1089 2191 plagaes]

338 2243 516 2286 concursus
531 2229 640 2285 motus
656 2224 738 2285 ordo
754 2222 904 2300 positura
920 2222 1045 2299 figurae

337 2353 411 2395 cum
428 2338 672 2410 permutantur,
688 2332 813 2395 mutari
828 2353 880 2395 res
896 2352 1024 2409 quoque
1041 2298 1170 2415 debent.

406 2696 518 2773 (Nunc
536 2695 682 2759 animum
699 2695 793 2773 nobis
810 2696 928 2759 adhibe
945 2716 1059 2758 ueram
1076 2696 1119 2759 ad
1136 2695 1307 2758 rationem.

337 2826 414 2869 uam
429 2806 491 2868 tibi
505 2812 675 2868 nementer
689 2825 779 2869 noua
792 2826 844 2867 res
858 2805 994 2868 molitur
1009 2807 1052 2868 ad
1068 2805 1158 2869 auris

337 2916 490 2978 accedere
506 2922 538 2978 et
553 2936 641 2978 noua
656 2934 689 2978 se
705 2915 827 2993 species
843 2915 1013 2978 ostendere
1028 2935 1149 2977 rerum.

295 3026 393 3087 -sed
410 3044 515 3102 neque
532 3032 600 3087 tam
617 3024 728 3087 facilis
742 3045 795 3086 res
810 3025 880 3087 ulla
896 3030 944 3086 est
960 3024 1041 3101 quin
1058 3044 1095 3086 ea
1113 3024 1257 3101 primum
1284 3064 1286 3069 -

337 3134 478 3196 difficilis
494 3134 598 3211 magis
615 3135 658 3197 ad
674 3135 874 3197 credendum
891 3140 1025 3209 constet,
1043 3133 1185 3210 itemque

336 3244 385 3305 nil
401 3245 483 3307 adeo
496 3264 653 3321 magnum
669 3263 774 3321 neque
789 3250 857 3305 tam
873 3243 1023 3306 mirabile
1039 3243 1224 3321 quicquam,

337 3354 425 3431 quod
440 3373 506 3415 non
522 3352 685 3432 paulatim
700 3351 853 3414 minuant
868 3352 1031 3415 miraliter
1047 3372 1166 3415 omnes,

739 3458 822 3517 <DE
842 3457 994 3517 OOELO>

336 3547 504 3626 principio
519 3548 601 3611 caeli
617 3548 742 3610 clarum
759 3567 945 3624 purumque
962 3548 1110 3623 colorem,

337 3678 484 3735 quaeque
500 3657 535 3719 in
551 3678 584 3721 se
600 3656 737 3733 cohibet,
754 3656 905 3733 palantia
920 3656 1028 3719 sidera
1044 3655 1175 3735 passim,

337 3769 515 3844 lunamque
531 3775 563 3830 et
580 3766 656 3829 solis
673 3766 844 3844 praeclara
860 3766 932 3829 luce
949 3766 1099 3842 nitorem,

294 3876 447 3939 —omnia
461 3896 544 3953 quae
558 3856 647 3939 nunc
661 3876 689 3938 ai
703 3875 849 3954 primum
863 3874 1058 3941 mortalibus
1073 3881 1189 3952 essent,

321 3986 378 4060 (ex
392 3985 561 4062 inproviso
573 3985 601 4047 si
615 3985 683 4047 sint
697 3985 822 4048 obiecta
836 3984 988 4062 repente)

321 4116 399 4167 ‚1029
408 4117 481 4177 oola.
498 4117 618 4166 mittant
634 4116 765 4167 mirarier

331 4185 398 4233 1033
409 4184 481 4245 outo.
496 4186 589 4233 extent
841 4252 897 4303 [74]
