3190 4682
649 445 700 496 nn
717 431 850 496 anain
867 444 1022 496 narrar
1041 447 1092 497 111

427 658 555 716 <ALIA
580 657 695 709 RATIO
721 658 849 724 QVARE
874 659 1006 709 ANIMA
1030 659 1090 709 SIT
1116 658 1336 717 MORTALIS>

417 747 594 811 Praeterea
611 756 834 825 quaecumque
849 756 984 811 manent
1000 755 1134 814 aeterna
1148 755 1305 812 necessest
1376 747 1377 751 ’

355 863 424 933 aut,
440 856 520 934 quia
533 863 612 920 sunt
627 852 730 920 solido
746 878 821 920 eum
836 878 981 936 eorpore,
997 878 1151 937 respuere
1168 857 1253 921 iotus
1274 868 1277 873 '

354 987 414 1030 neo
429 973 605 1044 penetrare
619 967 691 1045 pati
706 966 769 1029 sibi
785 967 961 1045 quiequam
977 969 1065 1044 quod
1082 974 1180 1045 queat
1197 974 1286 1031 artas

354 1075 529 1140 dissociare
546 1076 637 1139 intus
654 1077 770 1155 partis,
787 1083 826 1139 ut
841 1075 993 1140 materiai

354 1206 494 1264 corpora
507 1191 586 1249 sunt
601 1207 741 1264 quorum
756 1193 911 1250 naturam
927 1187 1129 1250 ostendimus
1144 1195 1230 1264 ante,

353 1295 501 1361 antideo
518 1296 639 1360 durare
656 1303 797 1360 aetatem
813 1316 905 1374 posse
922 1317 1133 1375 peromnem,

354 1407 529 1484 plagarum
548 1406 626 1484 quia
643 1413 721 1468 sunt
739 1406 897 1483 expertia,
915 1406 1001 1469 sieut
1017 1406 1147 1470 inanest

354 1517 441 1593 quod
457 1522 568 1579 manet
584 1516 747 1579 intactum
762 1536 867 1593 neque
883 1517 924 1579 ab
940 1516 1009 1579 ietu
1025 1515 1181 1593 fungitur
1195 1515 1307 1591 hilum,

354 1633 413 1689 aut
428 1626 527 1689 etiam
543 1626 621 1703 quia
636 1627 729 1689 nulla
744 1626 807 1689 loei
822 1626 861 1688 fit
877 1626 971 1704 eopia
987 1626 1119 1702 circum,

353 1756 419 1813 quo
432 1735 526 1813 quasi
539 1756 591 1799 res
605 1736 731 1813 possint
746 1736 912 1799 discedere
927 1735 1136 1813 dissoluique,

353 1845 452 1909 sicuti
468 1866 670 1909 summarum
687 1853 845 1908 summast
862 1852 996 1909 aeterna
1011 1866 1116 1923 neque
1133 1852 1229 1909 extra

353 1956 429 2034 quis
442 1957 534 2019 loeus
548 1961 597 2019 est
612 1976 677 2033 quo
693 1956 882 2033 diffugiant,
900 1976 1005 2033 nequa
1021 1975 1159 2033 eorpora
1174 1962 1252 2018 sunt
1268 1971 1344 2033 quae

353 2066 481 2144 possint
496 2065 641 2129 incidere
658 2071 690 2128 et
705 2066 821 2129 ualida
835 2065 1013 2127 dissoluere
1029 2066 1137 2143 plaga.

417 2261 512 2339 Quod
528 2260 556 2323 si
573 2260 660 2324 forte
678 2260 752 2324 ideo
768 2260 872 2337 magis
889 2259 1084 2341 immortalis
1099 2260 1291 2337 habendast,
1401 2242 1403 2247 ⁵

353 2371 441 2447 quod
456 2369 616 2433 uitalibus
633 2372 673 2433 ab
690 2371 787 2432 rebus
802 2369 932 2433 munita
948 2376 1090 2444 tenetur,

353 2488 412 2544 aut
429 2480 508 2558 quia
523 2501 590 2542 non
607 2479 748 2543 ueniunt
766 2458 899 2542 omnino
915 2479 1023 2542 aliena
1040 2479 1156 2542 salutis

353 2596 412 2653 aut
429 2590 507 2667 quia
524 2610 607 2667 quae
623 2589 765 2652 ueniunt
782 2590 894 2667 aliqua
911 2589 1214 2652 ratione'reoedunt

353 2701 449 2778 pulsa
463 2699 558 2778 prius
573 2720 671 2777 quam
687 2700 766 2777 quid
782 2707 921 2762 noceant
936 2699 1058 2762 sentire
1074 2719 1231 2776 queamus

800 2810 817 2845 ᾖ

351 2926 485 2997 praeter
501 2919 588 2983 enim
605 2940 703 2997 quam
719 2920 806 2997 quod
821 2918 943 2981 morbis
959 2939 1032 2981 eum
1048 2917 1194 2996 eorporis
1210 2918 1323 2996 aegrit,
1392 2900 1396 2907 ¹

353 3030 490 3093 aduenit
505 3029 539 3091 id
557 3030 644 3107 quod
661 3049 731 3091 eam
748 3030 788 3092 de
804 3030 902 3092 rebus
917 3048 1013 3106 saepe
1029 3027 1157 3091 futuris

352 3145 496 3203 maeerat
510 3139 610 3216 inque
624 3145 714 3201 metu
728 3139 814 3202 male
828 3140 927 3202 habet
943 3119 1094 3215 rurisque
1111 3137 1233 3215 fatigat

352 3248 606 3327 praeteritisque
622 3250 707 3311 male
726 3240 876 3311 admissis
893 3253 1028 3326 peecata
1045 3248 1242 3310 remordent.

352 3359 437 3423 adde
451 3358 599 3422 furorem
614 3358 715 3422 animi
729 3357 903 3436 proprium
918 3364 1016 3435 atque
1032 3357 1154 3420 obliuia
1169 3378 1290 3435 rerum,

352 3469 436 3532 adde
453 3470 541 3546 quod
557 3468 592 3529 in
608 3468 721 3546 nigras
736 3467 879 3545 lethargi
894 3466 1056 3545 mergitur
1071 3467 1188 3529 undas.

415 3833 471 3895 Nil
488 3832 592 3911 igitur
610 3817 697 3894 mors
715 3839 762 3905 est
775 3833 823 3919 ‘ad
839 3851 899 3894 nos
916 3851 1021 3908 neque
1039 3829 1185 3908 pertinet
1201 3830 1314 3907 hilum,

352 3941 618 4020 quandoquidem
636 3949 758 4004 natura
776 3939 878 4003 animi
895 3938 1044 4002 mortalis
1060 3940 1211 4021 habetur.
1276 4014 1280 4020 .
1299 4002 1303 4008 ,
1325 4007 1328 4012 ,

361 4074 413 4124 816
423 4073 495 4135 vulp.
510 4071 582 4122 sieut

361 4142 414 4192 824
423 4142 495 4203 vulp.
511 4144 606 4205 aegret

846 4223 920 4275 [108]
