3190 4682
667 427 718 477 DE
736 428 868 478 RERVM
885 428 1040 479 NATVRA
1060 429 1111 479 111

375 647 575 725 commutare
590 640 737 704 animum
753 641 950 719 quicumque
966 642 1118 705 adoritur
1134 648 1167 706 et
1182 641 1257 705 infit

375 756 435 813 aut
451 750 550 813 aliam
566 750 717 828 quamuis
732 757 887 814 naturam
903 752 1033 815 flectere
1050 742 1189 829 quaerit.

375 866 411 923 at
426 880 532 937 neque
547 860 726 924 transferri
741 861 804 923 sibi
820 861 927 939 partis
941 882 1001 925 nec
1016 861 1121 924 tribui
1136 862 1208 924 uolt

375 969 549 1033 inmortale
565 971 653 1048 quod
670 976 719 1033 est
735 970 910 1048 quicquam
927 991 1032 1048 neque
1050 970 1192 1034 defluere
1209 970 1318 1032 hilum.

359 1079 453 1155 (nam
470 1080 697 1157 quodcumque
714 1079 783 1143 suis
799 1086 964 1143 mutatum
981 1080 1103 1142 finibus
1120 1080 1197 1156 exit,

374 1189 532 1252 continuo
547 1191 607 1251 hoc
623 1210 710 1252 mors
727 1195 775 1253 est
791 1190 882 1252 illius
899 1191 987 1267 quod
1004 1189 1072 1252 fuit
1090 1190 1193 1265 ante.)

219 1304 226 1323 ⁸
331 1319 453 1376 —ergo
468 1298 597 1362 animus
613 1299 683 1362 siue
700 1299 868 1377 aegrescit,
885 1299 1038 1362 mortalia
1055 1299 1151 1377 signa

374 1408 488 1485 mittit,
506 1409 557 1471 uti
572 1408 678 1485 docui,
694 1429 752 1471 seu
768 1409 913 1471 flectitur
929 1430 950 1471 a
965 1408 1137 1471 medicina.

373 1538 476 1595 usque
495 1519 576 1581 adeo
594 1517 697 1581 falsae
716 1518 838 1581 rationi
856 1538 937 1581 uera
954 1518 1090 1581 uidetur

374 1647 426 1690 res
441 1648 611 1691 occurrere
628 1635 660 1690 et
676 1628 835 1706 effugium
850 1629 1064 1706 praecludere
1080 1627 1173 1691 eunti

374 1736 578 1814 ancipitique
593 1736 746 1800 refutatu
761 1737 955 1801 conuincere
971 1737 1103 1800 falsum.

437 1896 587 1974 Denique
601 1917 698 1974 saepe
712 1897 876 1960 hominem
892 1896 1055 1975 paulatim
1071 1896 1235 1959 cernimus
1249 1896 1297 1959 ire

374 2013 406 2068 et
422 2006 629 2070 membratim
645 2006 781 2069 uitalem
798 2008 978 2085 deperdere
994 2026 1142 2083 sensum3

374 2116 409 2176 in
425 2116 564 2193 pedibus
579 2115 724 2194 primum
740 2116 862 2193 digitos
876 2116 1032 2179 liueseere
1049 2122 1081 2179 et
1096 2115 1227 2194 unguis,

374 2225 451 2290 inde
466 2227 566 2304 pedes
579 2231 612 2289 et
625 2246 724 2289 crura
737 2225 830 2302 mori,
845 2233 919 2304 post
934 2226 1010 2286 inde
1025 2245 1084 2303 per
1099 2233 1193 2288 artus

374 2335 422 2398 ire
437 2335 519 2398 alios
531 2335 665 2398 tractim
679 2335 780 2413 gelidi
794 2334 935 2412 uestigia
949 2335 1017 2398 leti.

373 2445 537 2507 scinditur
554 2452 652 2522 atque
670 2444 797 2508 animae
814 2446 893 2507 haec
910 2444 1064 2522 quoniam
1080 2451 1203 2507 natura
1218 2464 1278 2506 nec
1294 2462 1359 2505 uno

373 2562 519 2632 tempore
536 2554 665 2617 sincera
681 2554 802 2631 existit,
819 2554 968 2617 mortalis
984 2554 1176 2616 habendast.

330 2666 460 2742 —quod
476 2664 504 2726 si
519 2664 606 2726 forte
621 2670 720 2742 putas
736 2663 841 2742 ipsam
857 2683 889 2725 se
905 2682 997 2741 posse
1013 2683 1073 2741 per
1089 2670 1183 2725 artus

374 2775 536 2837 introsum
552 2775 683 2837 trahere
700 2781 732 2837 et
748 2773 855 2851 partis
870 2774 1051 2835 conducere
1066 2772 1102 2833 in
1118 2793 1222 2835 unum

373 2890 472 2961 atque
491 2883 565 2945 ideo
583 2882 710 2945 cunctis
728 2903 859 2945 sensum
876 2882 1032 2945 diducere
1050 2882 1213 2959 membris,

374 3000 408 3056 at
423 2995 513 3055 locus
528 2993 584 3056 ille
599 2998 719 3068 tamen,
736 3012 801 3069 quo
816 2992 910 3070 copia
925 2997 1021 3054 tanta
1037 2990 1159 3053 animai

373 3103 511 3180 cogitur,
530 3103 565 3163 in
583 3121 680 3164 sensu
699 3103 794 3164 debet
812 3101 934 3164 maiore
951 3100 1077 3177 uideri;

373 3213 430 3290 qui
447 3211 602 3290 quoniam
618 3219 822 3289 nusquamst,
839 3211 998 3273 nimirum
1015 3217 1053 3273 ut
1069 3209 1214 3272 diximus
1236 3216 1395 3284 <ante>,

373 3321 537 3386 dilaniata
551 3322 642 3384 foras
658 3320 874 3399 dispargitur,
891 3319 1007 3382 interit
1023 3339 1109 3397 ergo.

357 3431 454 3510 (quin
472 3431 570 3495 etiam
587 3430 615 3493 si
633 3431 698 3493 iam
714 3430 816 3493 libeat
834 3431 1008 3493 concedere
1025 3429 1147 3492 falsum

373 3548 406 3604 et
421 3543 500 3604 dare
515 3561 608 3619 posse
623 3540 766 3603 animam
782 3539 957 3617 glomerari
972 3539 1007 3599 in
1023 3558 1158 3616 corpore
1174 3558 1296 3614 eorum,

372 3651 499 3714 lumina
517 3650 575 3728 qui
593 3651 723 3712 lincunt
742 3648 931 3712 moribundi
951 3647 1187 3726 particulatim,

372 3762 544 3823 mortalem
561 3767 671 3822 tamen
689 3779 755 3821 esse
774 3758 917 3822 animam
935 3757 1062 3820 fateare
1079 3778 1216 3834 necesse,

372 3892 431 3933 nec
446 3870 552 3933 refert
565 3877 680 3932 utrum
695 3875 813 3947 pereat.
825 3867 974 3946 dispersa
989 3886 1048 3944 per
1064 3886 1162 3930 auras

383 4003 433 4052 531
444 4002 517 4063 culp.
533 3999 611 4064 atqui

384 4071 434 4120 535
444 4070 517 4131 vulp.
534 4069 665 4119 deducere
