3234 4684
693 370 743 463 1
758 414 925 464 arcanrr
944 414 1032 465 carr

342 649 422 706 quos
439 649 499 706 ego
514 630 554 692 de
570 642 682 715 rarum
683 632 821 692 natura
835 649 979 706 pangere
996 649 1094 691 conor

342 739 567 829 Memmiadae,
570 709 696 815 inostro,
714 759 810 816 quem
826 745 874 815 1ιι
890 740 961 815 dea,
978 745 1124 815 tempore
1141 738 1176 798 in
1192 737 1281 800 omni

342 844 510 911 omnibus
510 838 664 911 ornatum
681 848 818 911 uoluisti
835 850 991 911 excellere
1008 850 1114 911 rebus

299 979 417 1047 —qu0.
420 937 534 1043 ma’gi’s
543 966 714 1021 aeternum
731 960 775 1021 da
791 958 897 1034 dictis,
916 957 1004 1031 diua,
1021 958 1174 1034 leporem.

317 1067 451 1165 ..effice
445 1074 483 1131 ut
500 1068 626 1131 interea
644 1066 717 1131 fera
733 1088 886 1130 moenera
901 1066 1033 1130 militiai

288 1171 401 1282 ,oper
416 1177 522 1241 maria
539 1198 576 1241 ac
592 1183 699 1240 terras
715 1177 819 1239 omnis
835 1177 943 1254 sopita
959 1176 1138 1253 quieseant.

249 1257 419 1400 ζὲἱΞ-ὀίιιιιιι
435 1294 473 1350 1ιι
489 1288 559 1350 sola
574 1293 665 1364 potes
682 1287 866 1364 tranquilla
881 1306 961 1365 pace
978 1286 1095 1349 iuuare

297 1381 499 1474 mortalis,
517 1397 672 1474 quoniam
688 1397 765 1458 belli
782 1396 856 1459 fera
870 1416 1023 1459 moenera
1038 1397 1172 1458 Mauors

244 1487 252 1506 ι
342 1506 544 1584 armipotens
559 1506 654 1583 regit,
671 1505 706 1566 in
721 1507 881 1584 gremium
897 1505 954 1582 qui
969 1526 1065 1582 saepe
1080 1512 1176 1568 tuum
1190 1525 1223 1567 se

341 1616 437 1679 reicit
452 1623 586 1679 aeterno
602 1615 752 1678 deuictus
766 1617 900 1703 uolnere
917 1615 1045 1692 amorio,

342 1733 440 1803 atque
456 1725 505 1789 ita
520 1725 703 1802 suspiciens
717 1725 814 1788 tereti
830 1725 956 1787 ceruice
973 1731 1105 1801 reposta

342 1836 448 1913 pascit
463 1856 572 1898 amore
588 1835 703 1898 auidos
719 1834 850 1897 inhians
866 1835 901 1894 in
917 1841 958 1910 te,
976 1835 1046 1909 dea,
1062 1833 1162 1909 visus,

342 1965 422 2022 eque
439 1952 498 2007 tuo
515 1946 637 2022 pendet
654 1945 803 2022 resupini
820 1944 959 2021 spiritus
975 1964 1040 2005 ore.

342 2057 429 2117 hunc
445 2062 493 2130 tn,
511 2055 599 2130 diua,
616 2061 675 2116 tuo
690 2055 900 2116 recubantem
917 2072 1052 2129 corpore
1068 2057 1181 2113 sancto

342 2163 544 2227 circumfusa
559 2184 668 2241 super,
684 2163 797 2226 suauis
813 2185 852 2226 ex
869 2183 923 2226 ore
939 2162 1098 2238 loquellas

342 2273 447 2336 funde
463 2281 578 2351 petens
593 2273 757 2351 placidam
774 2272 938 2348 Romanis,
955 2259 1097 2346 incluta*
1107 2290 1230 2348 pacem.

326 2384 420 2461 (nam
434 2404 539 2460 neque
555 2404 614 2445 nos
630 2403 726 2460 agere
742 2384 802 2444 hoc
817 2381 941 2460 patriai
957 2387 1103 2457 tempore
1120 2380 1234 2456 iniquo

307 2481 310 2489 ¹
342 2514 516 2570 possumus
531 2513 635 2570 aequo
650 2491 759 2555 animo
775 2512 834 2554 nec
851 2491 983 2552 Memmi
1001 2492 1090 2553 clara
1106 2509 1255 2568 propago

341 2603 464 2666 talibus
480 2603 516 2663 in
531 2604 629 2664 rebus
645 2601 809 2664 communi
825 2602 915 2663 desse
931 2599 1058 2675 saluti.)

609 2707 655 2757 TO
673 2706 882 2756 MAKAPION
898 2706 970 2755 ΚΑΙ
987 2705 1187 2754 ΑΦΘΑΡΤΟΝ

327 2796 446 2875 [omnis
463 2796 550 2860 enim
567 2817 627 2874 per
644 2816 676 2858 se
694 2795 806 2858 diuom
822 2801 945 2857 natura
961 2799 1120 2855 necessest

341 2906 509 2970 inmortali
525 2925 607 2969 aeuo
620 2926 747 2968 summa
762 2925 836 2966 cum
851 2925 930 2981 pace
946 2903 1082 2965 fruatur

341 3024 464 3079 semota
481 3017 521 3079 ab
538 3015 660 3077 nostris
677 3016 774 3076 rebus
791 3014 1003 3089 seiunctaque
1021 3013 1133 3087 longe:

341 3147 418 3188 nam
435 3125 570 3202 priuata
587 3125 697 3187 dolore
715 3123 813 3199 omni,
831 3123 966 3200 priuata
983 3120 1124 3199 periclis,

342 3235 415 3312 ipsa
430 3234 498 3297 suis
515 3235 642 3312 pollens
658 3233 784 3312 opibus,
802 3232 850 3293 nil
867 3231 983 3309 indiga
998 3229 1113 3306 nostri,

341 3366 400 3408 nec
415 3347 497 3408 bene
513 3343 700 3422 promeritis
717 3342 849 3420 capitur
864 3362 924 3404 nec
940 3339 1092 3415 tangitur
1108 3338 1183 3416 ira]

342 3456 438 3533 Quod
453 3461 612 3532 superest,
628 3473 751 3516 uacuas
766 3451 857 3515 auris
877 3449 1125 3525 <animumque
1141 3457 1326 3525 sagacem>

341 3573 500 3628 semotum
518 3585 537 3627 a
553 3562 642 3626 curis
657 3562 775 3626 adhibe
791 3581 905 3624 ueram
922 3560 965 3622 ad
981 3558 1152 3634 rationem,

341 3696 382 3738 ne
398 3695 471 3737 mea
486 3674 573 3736 dona
588 3672 650 3735 tibi
666 3671 777 3734 studio
792 3670 939 3747 disposta
954 3668 1054 3745 fideli,

341 3785 509 3847 intellecta
526 3782 619 3860 prius
636 3802 735 3859 quam
751 3780 827 3856 sint,
845 3785 1033 3855 contempta
1050 3778 1227 3855 relinquas.

362 3978 490 4039 -Nam
507 3976 569 4039 tibi
586 3976 626 4037 de
645 3995 771 4037 summa
790 3973 871 4035 caeli
888 3972 1016 4036 ratione
1035 3973 1196 4048 deumque

855 4196 896 4249 [2]
