<?xml version="1.0" encoding="UTF-8"?>
<!DOCTYPE html PUBLIC "-//W3C//DTD XHTML 1.0 Transitional//EN"
    "http://www.w3.org/TR/xhtml1/DTD/xhtml1-transitional.dtd">
<html xmlns="http://www.w3.org/1999/xhtml" xml:lang="en" lang="en">
 <head>
  <title>
</title>
<meta http-equiv="Content-Type" content="text/html;charset=utf-8" />
  <meta name='ocr-system' content='tesseract 3.04.00' />
  <meta name='ocr-capabilities' content='ocr_page ocr_carea ocr_par ocr_line ocrx_word'/>
</head>
<body>
  <div class='ocr_page' id='page_1' title='image "./lvcretiderervmn00merrgoog_0188.png"; bbox 0 0 3190 4682; ppageno 0'>
   <div class='ocr_carea' id='block_1_1' title="bbox 538 423 860 475">
    <p class='ocr_par' dir='ltr' id='par_1_1' title="bbox 538 423 860 475">
     <span class='ocr_line' id='line_1_1' title="bbox 538 423 860 475; baseline 0 -3"><span class='ocrx_word' id='word_1_1' title='bbox 538 424 568 472; x_wconf 84' lang='lat' dir='ltr'>T.</span> <span class='ocrx_word' id='word_1_2' title='bbox 589 423 752 475; x_wconf 80' lang='lat' dir='ltr'><strong><em>LVCRETI</em></strong></span> <span class='ocrx_word' id='word_1_3' title='bbox 771 423 860 474; x_wconf 83' lang='lat' dir='ltr'><strong><em>CARI</em></strong></span> 
     </span>
    </p>
   </div>
   <div class='ocr_carea' id='block_1_2' title="bbox 163 635 1319 1480">
    <p class='ocr_par' dir='ltr' id='par_1_2' title="bbox 163 635 1319 1480">
     <span class='ocr_line' id='line_1_2' title="bbox 163 635 960 714; baseline 0 -17"><span class='ocrx_word' id='word_1_4' title='bbox 163 635 272 699; x_wconf 75' lang='lat' dir='ltr'>finiti?</span> <span class='ocrx_word' id='word_1_5' title='bbox 289 656 394 713; x_wconf 92' lang='lat' dir='ltr'>neque</span> <span class='ocrx_word' id='word_1_6' title='bbox 411 636 498 698; x_wconf 93' lang='lat' dir='ltr'>enim</span> <span class='ocrx_word' id='word_1_7' title='bbox 514 637 670 699; x_wconf 79' lang='lat' dir='ltr'>caderent</span> <span class='ocrx_word' id='word_1_8' title='bbox 686 637 800 699; x_wconf 91' lang='lat' dir='ltr'>auolsa</span> <span class='ocrx_word' id='word_1_9' title='bbox 815 643 960 714; x_wconf 87' lang='lat' dir='ltr'>repente,</span> 
     </span>
     <span class='ocr_line' id='line_1_3' title="bbox 164 745 886 825; baseline -0.001 -16"><span class='ocrx_word' id='word_1_10' title='bbox 164 767 204 809; x_wconf 85' lang='lat' dir='ltr'>ex</span> <span class='ocrx_word' id='word_1_11' title='bbox 220 745 353 808; x_wconf 91' lang='lat' dir='ltr'>infinito</span> <span class='ocrx_word' id='word_1_12' title='bbox 368 766 451 824; x_wconf 91' lang='lat' dir='ltr'>quae</span> <span class='ocrx_word' id='word_1_13' title='bbox 463 754 615 825; x_wconf 87' lang='lat' dir='ltr'>tempore</span> <span class='ocrx_word' id='word_1_14' title='bbox 631 746 886 824; x_wconf 80' lang='lat' dir='ltr'>pertolerassent</span> 
     </span>
     <span class='ocr_line' id='line_1_4' title="bbox 165 853 898 933; baseline 0 -16"><span class='ocrx_word' id='word_1_15' title='bbox 165 855 275 918; x_wconf 92' lang='lat' dir='ltr'>omnia</span> <span class='ocrx_word' id='word_1_16' title='bbox 289 862 454 918; x_wconf 90' lang='lat' dir='ltr'>tormenta</span> <span class='ocrx_word' id='word_1_17' title='bbox 470 855 589 918; x_wconf 90' lang='lat' dir='ltr'>aetatis</span> <span class='ocrx_word' id='word_1_18' title='bbox 604 854 740 933; x_wconf 92' lang='lat' dir='ltr'>priuata</span> <span class='ocrx_word' id='word_1_19' title='bbox 756 853 898 932; x_wconf 77' lang='lat' dir='ltr'>fragore.</span> 
     </span>
     <span class='ocr_line' id='line_1_5' title="bbox 231 961 1252 1050; baseline -0.003 -24"><span class='ocrx_word' id='word_1_20' title='bbox 231 961 403 1050; x_wconf 69' lang='lat' dir='ltr'>llDenique</span> <span class='ocrx_word' id='word_1_21' title='bbox 419 964 485 1027; x_wconf 91' lang='lat' dir='ltr'>iam</span> <span class='ocrx_word' id='word_1_22' title='bbox 500 972 594 1028; x_wconf 92' lang='lat' dir='ltr'>tuere</span> <span class='ocrx_word' id='word_1_23' title='bbox 610 967 679 1041; x_wconf 85' lang='lat' dir='ltr'>hoc,</span> <span class='ocrx_word' id='word_1_24' title='bbox 697 964 820 1027; x_wconf 90' lang='lat' dir='ltr'>circum</span> <span class='ocrx_word' id='word_1_25' title='bbox 836 982 1003 1042; x_wconf 81' lang='lat' dir='ltr'>supraque</span> <span class='ocrx_word' id='word_1_26' title='bbox 1020 963 1107 1039; x_wconf 91' lang='lat' dir='ltr'>quod</span> <span class='ocrx_word' id='word_1_27' title='bbox 1125 982 1252 1024; x_wconf 91' lang='lat' dir='ltr'>omnem</span> 
     </span>
     <span class='ocr_line' id='line_1_6' title="bbox 165 1074 952 1153; baseline -0.001 -17"><span class='ocrx_word' id='word_1_28' title='bbox 165 1074 313 1137; x_wconf 89' lang='lat' dir='ltr'>continet</span> <span class='ocrx_word' id='word_1_29' title='bbox 327 1075 481 1152; x_wconf 85' lang='lat' dir='ltr'>amplexu</span> <span class='ocrx_word' id='word_1_30' title='bbox 497 1081 637 1137; x_wconf 89' lang='lat' dir='ltr'>terram:</span> <span class='ocrx_word' id='word_1_31' title='bbox 654 1074 682 1136; x_wconf 89' lang='lat' dir='ltr'>si</span> <span class='ocrx_word' id='word_1_32' title='bbox 697 1081 849 1153; x_wconf 76' lang='lat' dir='ltr'>procreat</span> <span class='ocrx_word' id='word_1_33' title='bbox 865 1093 952 1137; x_wconf 85' lang='lat' dir='ltr'>exse</span> 
     </span>
     <span class='ocr_line' id='line_1_7' title="bbox 166 1178 1319 1261; baseline -0.003 -15"><span class='ocrx_word' id='word_1_34' title='bbox 166 1183 284 1260; x_wconf 86' lang='lat' dir='ltr'>omnia,</span> <span class='ocrx_word' id='word_1_35' title='bbox 300 1183 538 1261; x_wconf 90' lang='lat' dir='ltr'>quodquidam</span> <span class='ocrx_word' id='word_1_36' title='bbox 553 1190 744 1260; x_wconf 89' lang='lat' dir='ltr'>memorant,</span> <span class='ocrx_word' id='word_1_37' title='bbox 761 1183 943 1261; x_wconf 78' lang='lat' dir='ltr'>recipitque</span> <span class='ocrx_word' id='word_1_38' title='bbox 959 1189 1140 1260; x_wconf 87' lang='lat' dir='ltr'>perempta,</span> <span class='ocrx_word' id='word_1_39' title='bbox 1268 1178 1319 1227; x_wconf 86' lang='lat'>320</span> 
     </span>
     <span class='ocr_line' id='line_1_8' title="bbox 165 1293 914 1370; baseline -0.003 -15"><span class='ocrx_word' id='word_1_40' title='bbox 165 1300 271 1356; x_wconf 86' lang='lat' dir='ltr'>totum</span> <span class='ocrx_word' id='word_1_41' title='bbox 288 1293 404 1357; x_wconf 89' lang='lat' dir='ltr'>natiue</span> <span class='ocrx_word' id='word_1_42' title='bbox 420 1314 458 1356; x_wconf 91' lang='lat' dir='ltr'>ae</span> <span class='ocrx_word' id='word_1_43' title='bbox 475 1293 607 1356; x_wconf 79' lang='lat' dir='ltr'>mortali</span> <span class='ocrx_word' id='word_1_44' title='bbox 624 1312 759 1370; x_wconf 92' lang='lat' dir='ltr'>corpore</span> <span class='ocrx_word' id='word_1_45' title='bbox 777 1298 914 1354; x_wconf 89' lang='lat' dir='ltr'>constat.</span> 
     </span>
     <span class='ocr_line' id='line_1_9' title="bbox 166 1401 1015 1480; baseline -0.001 -16"><span class='ocrx_word' id='word_1_46' title='bbox 166 1423 242 1465; x_wconf 79' lang='lat' dir='ltr'>nam</span> <span class='ocrx_word' id='word_1_47' title='bbox 258 1404 485 1480; x_wconf 89' lang='lat' dir='ltr'>quodcumque</span> <span class='ocrx_word' id='word_1_48' title='bbox 501 1402 582 1465; x_wconf 90' lang='lat' dir='ltr'>alias</span> <span class='ocrx_word' id='word_1_49' title='bbox 597 1424 636 1465; x_wconf 83' lang='lat' dir='ltr'>ex</span> <span class='ocrx_word' id='word_1_50' title='bbox 651 1422 684 1464; x_wconf 93' lang='lat' dir='ltr'>se</span> <span class='ocrx_word' id='word_1_51' title='bbox 699 1423 750 1464; x_wconf 91' lang='lat' dir='ltr'>res</span> <span class='ocrx_word' id='word_1_52' title='bbox 766 1408 865 1479; x_wconf 86' lang='lat' dir='ltr'>auget</span> <span class='ocrx_word' id='word_1_53' title='bbox 881 1401 1015 1478; x_wconf 87' lang='lat' dir='ltr'>alitque,</span> 
     </span>
    </p>
   </div>
   <div class='ocr_carea' id='block_1_3' title="bbox 165 1506 988 1683">
    <p class='ocr_par' dir='ltr' id='par_1_3' title="bbox 165 1506 988 1683">
     <span class='ocr_line' id='line_1_10' title="bbox 165 1506 938 1596; baseline -0.001 -23"><span class='ocrx_word' id='word_1_54' title='bbox 165 1512 313 1575; x_wconf 89' lang='lat' dir='ltr'>deminui</span> <span class='ocrx_word' id='word_1_55' title='bbox 331 1513 436 1588; x_wconf 89' lang='lat' dir='ltr'>debet,</span> <span class='ocrx_word' id='word_1_56' title='bbox 455 1511 607 1588; x_wconf 90' lang='lat' dir='ltr'>recreari,</span> <span class='ocrx_word' id='word_1_57' title='bbox 627 1532 701 1573; x_wconf 91' lang='lat' dir='ltr'>cum</span> <span class='ocrx_word' id='word_1_58' title='bbox 719 1510 837 1588; x_wconf 87' lang='lat' dir='ltr'>recipit</span> <span class='ocrx_word' id='word_1_59' title='bbox 855 1506 938 1596; x_wconf 67' lang='lat' dir='ltr'>resll</span> 
     </span>
     <span class='ocr_line' id='line_1_11' title="bbox 400 1616 988 1683; baseline -0.003 -16"><span class='ocrx_word' id='word_1_60' title='bbox 400 1618 528 1683; x_wconf 79' lang='lat' dir='ltr'><strong>QVARE</strong></span> <span class='ocrx_word' id='word_1_61' title='bbox 551 1617 701 1667; x_wconf 79' lang='lat' dir='ltr'>NATIVA</span> <span class='ocrx_word' id='word_1_62' title='bbox 722 1616 851 1666; x_wconf 75' lang='lat' dir='ltr'>OMNIA</span> <span class='ocrx_word' id='word_1_63' title='bbox 873 1617 988 1666; x_wconf 75' lang='lat' dir='ltr'>DIOAT</span> 
     </span>
    </p>
   </div>
   <div class='ocr_carea' id='block_1_4' title="bbox 123 1705 1158 3972">
    <p class='ocr_par' dir='ltr' id='par_1_4' title="bbox 184 1705 930 1784">
     <span class='ocr_line' id='line_1_12' title="bbox 184 1705 930 1784; baseline -0.001 -17"><span class='ocrx_word' id='word_1_64' title='bbox 184 1707 404 1769; x_wconf 90' lang='lat' dir='ltr'>-Praeterea</span> <span class='ocrx_word' id='word_1_65' title='bbox 422 1706 450 1768; x_wconf 95' lang='lat' dir='ltr'>si</span> <span class='ocrx_word' id='word_1_66' title='bbox 468 1707 562 1769; x_wconf 91' lang='lat' dir='ltr'>nulla</span> <span class='ocrx_word' id='word_1_67' title='bbox 580 1706 648 1769; x_wconf 80' lang='lat' dir='ltr'>fuit</span> <span class='ocrx_word' id='word_1_68' title='bbox 665 1705 820 1784; x_wconf 83' lang='lat' dir='ltr'>genitalis</span> <span class='ocrx_word' id='word_1_69' title='bbox 838 1705 930 1783; x_wconf 85' lang='lat' dir='ltr'>origo</span> 
     </span>
    </p>

    <p class='ocr_par' dir='ltr' id='par_1_5' title="bbox 165 1814 982 1893">
     <span class='ocr_line' id='line_1_13' title="bbox 165 1814 982 1893; baseline -0.004 -16"><span class='ocrx_word' id='word_1_70' title='bbox 165 1822 331 1878; x_wconf 88' lang='lat' dir='ltr'>terrarum</span> <span class='ocrx_word' id='word_1_71' title='bbox 346 1822 378 1878; x_wconf 91' lang='lat' dir='ltr'>et</span> <span class='ocrx_word' id='word_1_72' title='bbox 394 1816 476 1878; x_wconf 90' lang='lat' dir='ltr'>caeli</span> <span class='ocrx_word' id='word_1_73' title='bbox 491 1834 682 1893; x_wconf 88' lang='lat' dir='ltr'>semperque</span> <span class='ocrx_word' id='word_1_74' title='bbox 699 1822 834 1878; x_wconf 89' lang='lat' dir='ltr'>aeterna</span> <span class='ocrx_word' id='word_1_75' title='bbox 848 1814 952 1891; x_wconf 86' lang='lat' dir='ltr'>fuere,</span> <span class='ocrx_word' id='word_1_76' title='bbox 980 1830 982 1836; x_wconf 87' lang='lat'>·</span> 
     </span>
    </p>

    <p class='ocr_par' dir='ltr' id='par_1_6' title="bbox 165 1923 1031 2002">
     <span class='ocr_line' id='line_1_14' title="bbox 165 1923 1031 2002; baseline 0 -14"><span class='ocrx_word' id='word_1_77' title='bbox 165 1946 225 1988; x_wconf 92' lang='lat' dir='ltr'>cur</span> <span class='ocrx_word' id='word_1_78' title='bbox 242 1945 362 2002; x_wconf 86' lang='lat' dir='ltr'>supera</span> <span class='ocrx_word' id='word_1_79' title='bbox 379 1926 500 1987; x_wconf 92' lang='lat' dir='ltr'>bellum</span> <span class='ocrx_word' id='word_1_80' title='bbox 520 1925 711 1988; x_wconf 80' lang='lat' dir='ltr'>Thebanum</span> <span class='ocrx_word' id='word_1_81' title='bbox 728 1933 759 1988; x_wconf 90' lang='lat' dir='ltr'>et</span> <span class='ocrx_word' id='word_1_82' title='bbox 777 1923 898 1987; x_wconf 78' lang='lat' dir='ltr'>funera</span> <span class='ocrx_word' id='word_1_83' title='bbox 916 1924 1031 1988; x_wconf 81' lang='lat' dir='ltr'>Troiae</span> 
     </span>
    </p>

    <p class='ocr_par' dir='ltr' id='par_1_7' title="bbox 165 2020 929 2112">
     <span class='ocr_line' id='line_1_15' title="bbox 165 2020 929 2112; baseline -0.003 -15"><span class='ocrx_word' id='word_1_84' title='bbox 165 2055 232 2097; x_wconf 92' lang='lat' dir='ltr'>non</span> <span class='ocrx_word' id='word_1_85' title='bbox 249 2035 330 2097; x_wconf 89' lang='lat' dir='ltr'>alias</span> <span class='ocrx_word' id='word_1_86' title='bbox 346 2035 404 2097; x_wconf 91' lang='lat' dir='ltr'>alii</span> <span class='ocrx_word' id='word_1_87' title='bbox 420 2055 548 2112; x_wconf 91' lang='lat' dir='ltr'>quoque</span> <span class='ocrx_word' id='word_1_88' title='bbox 564 2055 616 2096; x_wconf 89' lang='lat' dir='ltr'>res</span> <span class='ocrx_word' id='word_1_89' title='bbox 632 2034 777 2097; x_wconf 91' lang='lat' dir='ltr'>cecinere</span> <span class='ocrx_word' id='word_1_90' title='bbox 793 2020 929 2112; x_wconf 87' lang='lat' dir='ltr'>poetael</span> 
     </span>
    </p>

    <p class='ocr_par' dir='ltr' id='par_1_8' title="bbox 166 2143 1107 2221">
     <span class='ocr_line' id='line_1_16' title="bbox 166 2143 1107 2221; baseline -0.002 -14"><span class='ocrx_word' id='word_1_91' title='bbox 166 2164 231 2221; x_wconf 92' lang='lat' dir='ltr'>quo</span> <span class='ocrx_word' id='word_1_92' title='bbox 246 2151 296 2206; x_wconf 93' lang='lat' dir='ltr'>tot</span> <span class='ocrx_word' id='word_1_93' title='bbox 313 2144 404 2207; x_wconf 83' lang='lat' dir='ltr'>facta</span> <span class='ocrx_word' id='word_1_94' title='bbox 419 2144 531 2206; x_wconf 91' lang='lat' dir='ltr'>uirum</span> <span class='ocrx_word' id='word_1_95' title='bbox 548 2144 668 2206; x_wconf 88' lang='lat' dir='ltr'>totiens</span> <span class='ocrx_word' id='word_1_96' title='bbox 685 2143 829 2208; x_wconf 87' lang='lat' dir='ltr'>cecidere</span> <span class='ocrx_word' id='word_1_97' title='bbox 845 2164 950 2220; x_wconf 92' lang='lat' dir='ltr'>neque</span> <span class='ocrx_word' id='word_1_98' title='bbox 967 2163 1107 2220; x_wconf 89' lang='lat' dir='ltr'>usquam</span> 
     </span>
    </p>

    <p class='ocr_par' dir='ltr' id='par_1_9' title="bbox 165 2253 936 2316">
     <span class='ocr_line' id='line_1_17' title="bbox 165 2253 936 2316; baseline -0.001 0"><span class='ocrx_word' id='word_1_99' title='bbox 165 2254 308 2316; x_wconf 89' lang='lat' dir='ltr'>aeternis</span> <span class='ocrx_word' id='word_1_100' title='bbox 326 2253 435 2316; x_wconf 83' lang='lat' dir='ltr'>famae</span> <span class='ocrx_word' id='word_1_101' title='bbox 452 2253 661 2316; x_wconf 89' lang='lat' dir='ltr'>monimentis</span> <span class='ocrx_word' id='word_1_102' title='bbox 679 2253 780 2316; x_wconf 89' lang='lat' dir='ltr'>insita</span> <span class='ocrx_word' id='word_1_103' title='bbox 797 2254 936 2315; x_wconf 86' lang='lat' dir='ltr'>florentl</span> 
     </span>
    </p>

    <p class='ocr_par' dir='ltr' id='par_1_10' title="bbox 165 2346 1158 2441">
     <span class='ocr_line' id='line_1_18' title="bbox 165 2346 1158 2441; baseline -0.002 -15"><span class='ocrx_word' id='word_1_104' title='bbox 165 2384 291 2439; x_wconf 82' lang='lat' dir='ltr'>uerum,</span> <span class='ocrx_word' id='word_1_105' title='bbox 308 2370 347 2425; x_wconf 87' lang='lat' dir='ltr'>ut</span> <span class='ocrx_word' id='word_1_106' title='bbox 364 2363 491 2441; x_wconf 92' lang='lat' dir='ltr'>opinor,</span> <span class='ocrx_word' id='word_1_107' title='bbox 508 2364 606 2426; x_wconf 88' lang='lat' dir='ltr'>habet</span> <span class='ocrx_word' id='word_1_108' title='bbox 623 2362 805 2425; x_wconf 89' lang='lat' dir='ltr'>nouitatem</span> <span class='ocrx_word' id='word_1_109' title='bbox 823 2383 949 2424; x_wconf 89' lang='lat' dir='ltr'>summa</span> <span class='ocrx_word' id='word_1_110' title='bbox 966 2346 1158 2439; x_wconf 77' lang='lat' dir='ltr'>recensque</span> 
     </span>
    </p>

    <p class='ocr_par' dir='ltr' id='par_1_11' title="bbox 123 2471 1004 2659">
     <span class='ocr_line' id='line_1_19' title="bbox 165 2471 993 2550; baseline 0.001 -17"><span class='ocrx_word' id='word_1_111' title='bbox 165 2479 319 2535; x_wconf 87' lang='lat' dir='ltr'>naturast</span> <span class='ocrx_word' id='word_1_112' title='bbox 337 2472 454 2534; x_wconf 90' lang='lat' dir='ltr'>mundi</span> <span class='ocrx_word' id='word_1_113' title='bbox 472 2493 577 2549; x_wconf 93' lang='lat' dir='ltr'>neque</span> <span class='ocrx_word' id='word_1_114' title='bbox 595 2472 724 2550; x_wconf 89' lang='lat' dir='ltr'>pridem</span> <span class='ocrx_word' id='word_1_115' title='bbox 743 2471 877 2534; x_wconf 85' lang='lat' dir='ltr'>exordia</span> <span class='ocrx_word' id='word_1_116' title='bbox 896 2471 993 2549; x_wconf 88' lang='lat' dir='ltr'>cepit.</span> 
     </span>
     <span class='ocr_line' id='line_1_20' title="bbox 123 2582 1004 2659; baseline -0.003 -15"><span class='ocrx_word' id='word_1_117' title='bbox 123 2602 267 2659; x_wconf 90' lang='lat' dir='ltr'>—quare</span> <span class='ocrx_word' id='word_1_118' title='bbox 283 2582 382 2645; x_wconf 90' lang='lat' dir='ltr'>etiam</span> <span class='ocrx_word' id='word_1_119' title='bbox 398 2583 558 2659; x_wconf 86' lang='lat' dir='ltr'>quaedam</span> <span class='ocrx_word' id='word_1_120' title='bbox 574 2602 662 2644; x_wconf 93' lang='lat' dir='ltr'>nunc</span> <span class='ocrx_word' id='word_1_121' title='bbox 678 2589 766 2644; x_wconf 87' lang='lat' dir='ltr'>artes</span> <span class='ocrx_word' id='word_1_122' title='bbox 781 2582 1004 2659; x_wconf 84' lang='lat' dir='ltr'>expoliuntur,</span> 
     </span>
    </p>

    <p class='ocr_par' dir='ltr' id='par_1_12' title="bbox 165 2690 1083 2768">
     <span class='ocr_line' id='line_1_21' title="bbox 165 2690 1083 2768; baseline 0 -16"><span class='ocrx_word' id='word_1_123' title='bbox 165 2712 254 2754; x_wconf 91' lang='lat' dir='ltr'>nunc</span> <span class='ocrx_word' id='word_1_124' title='bbox 272 2691 371 2754; x_wconf 92' lang='lat' dir='ltr'>etiam</span> <span class='ocrx_word' id='word_1_125' title='bbox 389 2699 586 2768; x_wconf 79' lang='lat' dir='ltr'>augescunt3</span> <span class='ocrx_word' id='word_1_126' title='bbox 604 2711 693 2753; x_wconf 91' lang='lat' dir='ltr'>nunc</span> <span class='ocrx_word' id='word_1_127' title='bbox 711 2691 826 2754; x_wconf 91' lang='lat' dir='ltr'>addita</span> <span class='ocrx_word' id='word_1_128' title='bbox 843 2690 988 2768; x_wconf 85' lang='lat' dir='ltr'>nauigiis</span> <span class='ocrx_word' id='word_1_129' title='bbox 1005 2697 1083 2752; x_wconf 87' lang='lat' dir='ltr'>sunt</span> 
     </span>
    </p>

    <p class='ocr_par' dir='ltr' id='par_1_13' title="bbox 165 2800 1035 2878">
     <span class='ocr_line' id='line_1_22' title="bbox 165 2800 1035 2878; baseline 0.001 -17"><span class='ocrx_word' id='word_1_130' title='bbox 165 2801 279 2876; x_wconf 89' lang='lat' dir='ltr'>multa,</span> <span class='ocrx_word' id='word_1_131' title='bbox 297 2801 395 2863; x_wconf 92' lang='lat' dir='ltr'>modo</span> <span class='ocrx_word' id='word_1_132' title='bbox 410 2801 557 2878; x_wconf 86' lang='lat' dir='ltr'>organici</span> <span class='ocrx_word' id='word_1_133' title='bbox 573 2800 704 2863; x_wconf 90' lang='lat' dir='ltr'>melicos</span> <span class='ocrx_word' id='word_1_134' title='bbox 720 2821 877 2878; x_wconf 87' lang='lat' dir='ltr'>peperere</span> <span class='ocrx_word' id='word_1_135' title='bbox 894 2821 1035 2863; x_wconf 88' lang='lat' dir='ltr'>sonores.</span> 
     </span>
    </p>

    <p class='ocr_par' dir='ltr' id='par_1_14' title="bbox 165 2910 1017 2988">
     <span class='ocr_line' id='line_1_23' title="bbox 165 2910 1017 2988; baseline -0.001 -16"><span class='ocrx_word' id='word_1_136' title='bbox 165 2910 307 2987; x_wconf 85' lang='lat' dir='ltr'>denique</span> <span class='ocrx_word' id='word_1_137' title='bbox 323 2917 446 2974; x_wconf 86' lang='lat' dir='ltr'>natura</span> <span class='ocrx_word' id='word_1_138' title='bbox 462 2912 541 2973; x_wconf 93' lang='lat' dir='ltr'>haec</span> <span class='ocrx_word' id='word_1_139' title='bbox 558 2931 669 2973; x_wconf 92' lang='lat' dir='ltr'>rerum</span> <span class='ocrx_word' id='word_1_140' title='bbox 686 2910 835 2987; x_wconf 87' lang='lat' dir='ltr'>ratioque</span> <span class='ocrx_word' id='word_1_141' title='bbox 853 2917 1017 2988; x_wconf 89' lang='lat' dir='ltr'>repertast</span> 
     </span>
    </p>

    <p class='ocr_par' dir='ltr' id='par_1_15' title="bbox 165 3020 1054 3111">
     <span class='ocr_line' id='line_1_24' title="bbox 165 3020 1054 3111; baseline 0 -31"><span class='ocrx_word' id='word_1_142' title='bbox 165 3040 283 3097; x_wconf 89' lang='lat' dir='ltr'>nuper,</span> <span class='ocrx_word' id='word_1_143' title='bbox 299 3026 332 3083; x_wconf 85' lang='lat' dir='ltr'>et</span> <span class='ocrx_word' id='word_1_144' title='bbox 346 3021 431 3082; x_wconf 90' lang='lat' dir='ltr'>hanc</span> <span class='ocrx_word' id='word_1_145' title='bbox 446 3020 573 3097; x_wconf 89' lang='lat' dir='ltr'>primus</span> <span class='ocrx_word' id='word_1_146' title='bbox 589 3041 663 3083; x_wconf 91' lang='lat' dir='ltr'>cum</span> <span class='ocrx_word' id='word_1_147' title='bbox 679 3020 795 3097; x_wconf 91' lang='lat' dir='ltr'>primis</span> <span class='ocrx_word' id='word_1_148' title='bbox 810 3020 879 3098; x_wconf 89' lang='lat' dir='ltr'>ipse</span> <span class='ocrx_word' id='word_1_149' title='bbox 895 3026 1054 3111; x_wconf 87' lang='lat' dir='ltr'>repertus</span> 
     </span>
    </p>

    <p class='ocr_par' dir='ltr' id='par_1_16' title="bbox 124 3129 1081 3316">
     <span class='ocr_line' id='line_1_25' title="bbox 165 3129 1081 3207; baseline 0.001 -18"><span class='ocrx_word' id='word_1_150' title='bbox 165 3149 254 3191; x_wconf 91' lang='lat' dir='ltr'>nunc</span> <span class='ocrx_word' id='word_1_151' title='bbox 269 3149 329 3207; x_wconf 82' lang='lat' dir='ltr'>ego</span> <span class='ocrx_word' id='word_1_152' title='bbox 343 3149 415 3191; x_wconf 88' lang='lat' dir='ltr'>surn</span> <span class='ocrx_word' id='word_1_153' title='bbox 431 3129 466 3190; x_wconf 92' lang='lat' dir='ltr'>in</span> <span class='ocrx_word' id='word_1_154' title='bbox 481 3129 609 3207; x_wconf 90' lang='lat' dir='ltr'>patrias</span> <span class='ocrx_word' id='word_1_155' title='bbox 624 3129 681 3206; x_wconf 93' lang='lat' dir='ltr'>qui</span> <span class='ocrx_word' id='word_1_156' title='bbox 696 3130 817 3207; x_wconf 90' lang='lat' dir='ltr'>possim</span> <span class='ocrx_word' id='word_1_157' title='bbox 831 3137 961 3192; x_wconf 88' lang='lat' dir='ltr'>uertere</span> <span class='ocrx_word' id='word_1_158' title='bbox 976 3149 1081 3191; x_wconf 90' lang='lat' dir='ltr'>uoces.</span> 
     </span>
     <span class='ocr_line' id='line_1_26' title="bbox 124 3238 1063 3316; baseline -0.003 -15"><span class='ocrx_word' id='word_1_159' title='bbox 124 3240 254 3316; x_wconf 88' lang='lat' dir='ltr'>—quod</span> <span class='ocrx_word' id='word_1_160' title='bbox 270 3238 297 3300; x_wconf 89' lang='lat' dir='ltr'>si</span> <span class='ocrx_word' id='word_1_161' title='bbox 314 3238 401 3303; x_wconf 82' lang='lat' dir='ltr'>forte</span> <span class='ocrx_word' id='word_1_162' title='bbox 418 3238 521 3303; x_wconf 81' lang='lat' dir='ltr'>fuisse</span> <span class='ocrx_word' id='word_1_163' title='bbox 538 3241 677 3302; x_wconf 88' lang='lat' dir='ltr'>antehac</span> <span class='ocrx_word' id='word_1_164' title='bbox 693 3241 805 3302; x_wconf 87' lang='lat' dir='ltr'>eadem</span> <span class='ocrx_word' id='word_1_165' title='bbox 822 3239 931 3302; x_wconf 89' lang='lat' dir='ltr'>omnia</span> <span class='ocrx_word' id='word_1_166' title='bbox 948 3238 1063 3313; x_wconf 89' lang='lat' dir='ltr'>eredis,</span> 
     </span>
    </p>

    <p class='ocr_par' dir='ltr' id='par_1_17' title="bbox 165 3348 994 3427">
     <span class='ocr_line' id='line_1_27' title="bbox 165 3348 994 3427; baseline 0 -18"><span class='ocrx_word' id='word_1_167' title='bbox 165 3350 221 3410; x_wconf 87' lang='lat' dir='ltr'>sed</span> <span class='ocrx_word' id='word_1_168' title='bbox 239 3348 375 3427; x_wconf 88' lang='lat' dir='ltr'>periisse</span> <span class='ocrx_word' id='word_1_169' title='bbox 392 3348 561 3410; x_wconf 90' lang='lat' dir='ltr'>hominum</span> <span class='ocrx_word' id='word_1_170' title='bbox 579 3348 720 3411; x_wconf 92' lang='lat' dir='ltr'>torrenti</span> <span class='ocrx_word' id='word_1_171' title='bbox 738 3349 844 3411; x_wconf 89' lang='lat' dir='ltr'>saecla</span> <span class='ocrx_word' id='word_1_172' title='bbox 860 3368 994 3425; x_wconf 89' lang='lat' dir='ltr'>uapore,</span> 
     </span>
    </p>

    <p class='ocr_par' dir='ltr' id='par_1_18' title="bbox 166 3457 964 3535">
     <span class='ocr_line' id='line_1_28' title="bbox 166 3457 964 3535; baseline -0.003 -15"><span class='ocrx_word' id='word_1_173' title='bbox 166 3464 224 3520; x_wconf 87' lang='lat' dir='ltr'>aut</span> <span class='ocrx_word' id='word_1_174' title='bbox 240 3457 394 3520; x_wconf 89' lang='lat' dir='ltr'>cecidisse</span> <span class='ocrx_word' id='word_1_175' title='bbox 409 3458 502 3520; x_wconf 90' lang='lat' dir='ltr'>urbis</span> <span class='ocrx_word' id='word_1_176' title='bbox 516 3477 636 3535; x_wconf 85' lang='lat' dir='ltr'>magno</span> <span class='ocrx_word' id='word_1_177' title='bbox 650 3458 823 3521; x_wconf 85' lang='lat' dir='ltr'>nexamine</span> <span class='ocrx_word' id='word_1_178' title='bbox 838 3457 964 3533; x_wconf 87' lang='lat' dir='ltr'>mundi,</span> 
     </span>
    </p>

    <p class='ocr_par' dir='ltr' id='par_1_19' title="bbox 166 3566 895 3644">
     <span class='ocr_line' id='line_1_29' title="bbox 166 3566 895 3644; baseline 0 -15"><span class='ocrx_word' id='word_1_179' title='bbox 166 3573 224 3629; x_wconf 89' lang='lat' dir='ltr'>aut</span> <span class='ocrx_word' id='word_1_180' title='bbox 241 3587 280 3628; x_wconf 83' lang='lat' dir='ltr'>ex</span> <span class='ocrx_word' id='word_1_181' title='bbox 297 3566 457 3629; x_wconf 91' lang='lat' dir='ltr'>imbribus</span> <span class='ocrx_word' id='word_1_182' title='bbox 475 3566 623 3630; x_wconf 89' lang='lat' dir='ltr'>adsiduis</span> <span class='ocrx_word' id='word_1_183' title='bbox 641 3567 742 3629; x_wconf 84' lang='lat' dir='ltr'>exisse</span> <span class='ocrx_word' id='word_1_184' title='bbox 759 3587 895 3644; x_wconf 89' lang='lat' dir='ltr'>rapaces</span> 
     </span>
    </p>

    <p class='ocr_par' dir='ltr' id='par_1_20' title="bbox 166 3676 967 3754">
     <span class='ocr_line' id='line_1_30' title="bbox 166 3676 967 3754; baseline -0.001 -14"><span class='ocrx_word' id='word_1_185' title='bbox 166 3697 225 3754; x_wconf 90' lang='lat' dir='ltr'>per</span> <span class='ocrx_word' id='word_1_186' title='bbox 241 3684 351 3740; x_wconf 89' lang='lat' dir='ltr'>terras</span> <span class='ocrx_word' id='word_1_187' title='bbox 368 3697 478 3740; x_wconf 90' lang='lat' dir='ltr'>amnes</span> <span class='ocrx_word' id='word_1_188' title='bbox 496 3683 594 3753; x_wconf 92' lang='lat' dir='ltr'>atque</span> <span class='ocrx_word' id='word_1_189' title='bbox 612 3676 736 3753; x_wconf 88' lang='lat' dir='ltr'>oppida</span> <span class='ocrx_word' id='word_1_190' title='bbox 754 3676 967 3753; x_wconf 90' lang='lat' dir='ltr'>cooperuisse,</span> 
     </span>
    </p>

    <p class='ocr_par' dir='ltr' id='par_1_21' title="bbox 166 3784 962 3863">
     <span class='ocr_line' id='line_1_31' title="bbox 166 3784 962 3863; baseline 0 -16"><span class='ocrx_word' id='word_1_191' title='bbox 166 3792 260 3848; x_wconf 87' lang='lat' dir='ltr'>tanto</span> <span class='ocrx_word' id='word_1_192' title='bbox 276 3786 397 3863; x_wconf 92' lang='lat' dir='ltr'>quique</span> <span class='ocrx_word' id='word_1_193' title='bbox 413 3785 519 3862; x_wconf 86' lang='lat' dir='ltr'>magis</span> <span class='ocrx_word' id='word_1_194' title='bbox 533 3785 642 3847; x_wconf 92' lang='lat' dir='ltr'>uictus</span> <span class='ocrx_word' id='word_1_195' title='bbox 659 3784 787 3848; x_wconf 80' lang='lat' dir='ltr'>fateare</span> <span class='ocrx_word' id='word_1_196' title='bbox 803 3792 962 3848; x_wconf 90' lang='lat' dir='ltr'>necessest</span> 
     </span>
    </p>

    <p class='ocr_par' dir='ltr' id='par_1_22' title="bbox 166 3878 978 3972">
     <span class='ocr_line' id='line_1_32' title="bbox 166 3878 978 3972; baseline -0.004 -14"><span class='ocrx_word' id='word_1_197' title='bbox 166 3896 303 3958; x_wconf 84' lang='lat' dir='ltr'>exitium</span> <span class='ocrx_word' id='word_1_198' title='bbox 321 3915 449 3972; x_wconf 91' lang='lat' dir='ltr'>quoque</span> <span class='ocrx_word' id='word_1_199' title='bbox 466 3878 633 3958; x_wconf 84' lang='lat' dir='ltr'>terrarum</span> <span class='ocrx_word' id='word_1_200' title='bbox 651 3894 796 3971; x_wconf 90' lang='lat' dir='ltr'>caelique</span> <span class='ocrx_word' id='word_1_201' title='bbox 814 3894 978 3956; x_wconf 83' lang='lat' dir='ltr'>futurum.</span> 
     </span>
    </p>
   </div>
   <div class='ocr_carea' id='block_1_5' title="bbox 177 4027 369 4090">
    <p class='ocr_par' dir='ltr' id='par_1_23' title="bbox 177 4027 369 4090">
     <span class='ocr_line' id='line_1_33' title="bbox 177 4027 369 4090; baseline -0.01 -13"><span class='ocrx_word' id='word_1_202' title='bbox 177 4027 226 4077; x_wconf 86' lang='lat'>328</span> <span class='ocrx_word' id='word_1_203' title='bbox 237 4027 305 4090; x_wconf 72' lang='lat' dir='ltr'>fort.</span> <span class='ocrx_word' id='word_1_204' title='bbox 321 4041 369 4076; x_wconf 89' lang='lat' dir='ltr'>cur</span> 
     </span>
    </p>
   </div>
   <div class='ocr_carea' id='block_1_6' title="bbox 0 0 1606 4682">
    <p class='ocr_par' dir='ltr' id='par_1_24' title="bbox 0 0 1606 4682">
     <span class='ocr_line' id='line_1_34' title="bbox 0 0 1606 4682; baseline 0 0"><span class='ocrx_word' id='word_1_205' title='bbox 0 0 1606 4682; x_wconf 95' lang='lat' dir='ltr'> </span> 
     </span>
    </p>
   </div>
  </div>
 </body>
</html>
