3234 4684
549 457 579 507 Τ.
597 457 760 508 chnnrl
778 458 867 508 canl

173 691 235 734 nec
251 677 362 734 tamen
378 673 512 735 haerere
528 672 616 735 inter
631 690 682 749 se';
698 673 925 750 quodcumque
940 671 1093 735 uidemus

174 781 323 844 sensibu’
339 782 499 859 sedatum,
516 782 615 846 facile
630 790 670 846 ut
684 802 876 860 cognoscere
892 782 997 860 possis

175 910 244 953 non
261 910 278 952 e
294 890 461 969 perplexis
477 893 534 954 sed
552 891 658 956 acutis
673 912 740 956 esse
757 892 934 954 elementis.

528 999 578 1048 DE
599 998 748 1048 SVDORE
769 998 886 1049 SALSO

242 1085 308 1148 Sed
322 1087 410 1164 quod
426 1108 539 1151 amara
554 1087 649 1149 uides
664 1088 776 1150 eadem
793 1107 876 1164 quae
893 1087 1021 1150 fluuida
1037 1091 1198 1163 constant,

175 1196 279 1258 sudor
295 1196 346 1258 uti
360 1196 462 1259 maris
476 1205 534 1273 θεῖ,
550 1197 683 1261 minime
698 1196 848 1259 mirabile
865 1198 977 1263 debet:

176 1326 256 1368 uam
271 1306 358 1383 quod
374 1305 521 1369 fluuidus
537 1313 594 1382 est,
611 1326 628 1368 e
643 1306 771 1369 leuibus
788 1313 886 1383 atquc
902 1306 1060 1368 rutundis

176 1422 237 1492 est,
253 1422 286 1478 et
306 1416 495 1493 <squalida
510 1423 588 1479 sunt
605 1416 707 1487 illis>
729 1416 877 1479 admixta
894 1416 1016 1478 doloris

175 1544 326 1602 corpora.
365 1545 424 1587 nec
441 1531 553 1588 tamen
570 1527 649 1588 haec
667 1525 804 1589 retineri
822 1532 932 1588 amata
949 1545 1082 1588 necessu
1089 1532 1193 1596 <st>
1209 1551 1216 1601 ;

90 1706 96 1721 ·
176 1633 302 1697 scilicet
318 1655 385 1698 esse
402 1635 534 1713 globosa
550 1642 670 1711 tamen,
688 1656 762 1697 cum
780 1634 931 1711 squalida
949 1641 1108 1711 constent,

176 1744 333 1821 prouolui
347 1744 446 1807 simul
460 1751 498 1807 ut
514 1744 641 1822 possint
655 1752 688 1807 θῖ
703 1745 832 1807 laedere
848 1764 970 1806 sensus.

530 1851 581 1900 DE
602 1850 707 1915 AQVA
729 1851 885 1900 MARINA

177 1945 211 2002 et
229 1958 293 2015 quo
308 1939 413 2041 mista
428 1946 525 2017 putes
541 1939 647 2017 magis
662 1950 779 2017 aspera
796 1939 925 2001 leuibus
942 1959 1008 2002 csse

176 2048 363 2126 principiis,
379 2050 469 2112 unde
485 2057 533 2112 est
549 2048 698 2127 Neptuni
715 2069 835 2127 corpus
852 2050 1014 2126 acerbum,

176 2165 226 2221 est
245 2158 331 2221 ratio
349 2158 538 2224 secernendi
558 2178 767 2235 seorsumque
786 2158 934 2235 uidendi,

175 2287 273 2330 umor
287 2267 403 2345 dulcis,
420 2268 478 2330 ubi
495 2289 554 2346 per
570 2275 678 2331 terras
693 2268 840 2332 crebrius
857 2268 944 2331 idem

176 2378 377 2455 percolatur,
393 2383 431 2440 ut
447 2377 482 2438 in
499 2377 630 2440 foueam
646 2377 729 2440 fluat
745 2399 783 2441 ac
797 2384 1013 2440 mansuescat.

124 2487 301 2564 —linquit
317 2487 404 2550 enim
420 2508 541 2565 supera
557 2487 658 2550 taetri
673 2487 857 2564 primordia
872 2487 939 2550 uiri

177 2616 297 2674 aspera
311 2617 376 2674 quo
388 2596 493 2674 magis
507 2597 542 2658 in
557 2596 656 2659 terris
670 2598 857 2660 haerescere
872 2603 1019 2674 possunt.

479 2871 645 2922 FIGVRAS
668 2872 758 2922 ESSE
782 2871 937 2922 MVLTAS

243 2960 337 3038 Quod
355 2961 509 3037 quoniam
526 2961 632 3037 docui,
650 2981 786 3038 pergam
803 2967 971 3024 conectere
986 2982 1056 3024 rem
1073 2981 1156 3037 quae

176 3090 217 3132 ex
231 3071 291 3132 hoc
306 3077 385 3148 apta
398 3071 496 3132 fidem
511 3072 620 3146 ducat,
636 3069 820 3147 primordia
833 3091 945 3133 rerum

175 3179 274 3243 finita
287 3180 419 3243 uariare
434 3180 617 3258 figurarum
633 3179 770 3243 ratione.
859 3198 862 3203 ’

126 3290 267 3368 —quod
283 3289 311 3351 si
326 3310 392 3352 non
407 3289 456 3352 ita
470 3289 523 3366 sit,
538 3282 672 3352 rursum
688 3288 753 3351 iarn
770 3288 893 3352 semina
910 3289 1071 3365 quaedam

177 3420 246 3463 esse
264 3399 395 3461 infinito
411 3400 575 3462 debebunt
594 3398 740 3476 corporis
758 3405 867 3461 auctu.
939 3414 942 3421 ‘

177 3529 319 3586 reamque
335 3508 370 3569 in
386 3510 497 3573 eadem
513 3528 581 3572 una
597 3507 743 3571 cuiusuis
759 3509 838 3570 haec
853 3507 1018 3570 breuitate

178 3617 326 3697 corporis
340 3617 428 3682 inter
444 3638 477 3681 se
493 3618 635 3680 multum
650 3616 783 3680 uariare
798 3617 925 3694 figurae

179 3749 246 3790 non
261 3736 416 3806 possunt:
434 3726 489 3790 fac
505 3726 592 3788 enim
607 3725 752 3788 minimis
767 3746 783 3787 e
799 3725 952 3803 partibus
968 3744 1034 3786 esse

189 3876 310 3926 θεεθθε
320 3876 393 3937 vara.
603 3850 605 3855 ’

188 3962 239 4011 468
249 3961 321 4022 vala.
336 3962 501 4010 necessumst

189 4046 239 4095 477
249 4045 356 4109 possint

190 4129 239 4178 483
250 4129 299 4178 clii
313 4129 369 4178 atta
