3234 4684
613 436 665 486 DE
683 436 816 486 RERVM
833 437 988 487 NATVRA
1007 437 1042 487 11

312 669 379 711 esse
396 651 493 711 deum
509 657 657 727 matrem,
675 652 754 713 dum
769 652 850 715 'uera
866 671 902 713 re
917 658 1029 715 tamen
1044 651 1114 731 ipse

312 759 469 837 religione
488 760 635 823 animum
653 761 747 838 turpi
765 760 954 839 contingere
973 762 1116 840 parcat.)

376 953 480 1031 Saepe
496 953 608 1031 itaque
625 976 665 1018 ex
679 974 748 1017 uno
762 956 936 1018 tondentes
952 955 1104 1033 gramina
1119 975 1235 1033 campo

312 1062 478 1140 lanigerae
499 1065 642 1141 pecudes
660 1072 692 1127 et
713 1084 879 1141 equorum
890 1065 1034 1127 duellica
1054 1065 1162 1142 proles

312 1172 528 1249 buceriaeque
544 1193 659 1251 greges
674 1174 785 1236 eodem
802 1175 862 1236 sub
878 1174 1021 1251 tegmine
1038 1173 1121 1238 caeli

312 1301 352 1342 ex
367 1302 497 1359 unoque
512 1282 601 1344 sitim
616 1283 768 1345 sedantes
784 1282 918 1344 flumine
935 1283 1034 1360 aquai

311 1391 465 1453 dissimili
479 1392 598 1455 uiuont
614 1392 720 1469 specie
736 1392 946 1469 retinentque
962 1398 1139 1470 parentum

312 1508 468 1564 naturam
484 1508 516 1564 et
532 1521 637 1564 mores
654 1501 835 1579 generatim
853 1522 1000 1579 quaeque
1017 1501 1202 1564 imitantur.
1268 1568 1271 1572 Α

269 1618 409 1673 -tanta
423 1617 481 1687 est,
497 1611 532 1671 in
548 1611 667 1688 quouis
681 1631 798 1689 genere
814 1612 943 1687 herbae,
959 1611 1111 1674 materiai

227 1760 231 1767 ·
311 1720 481 1782 dissimilis
496 1720 591 1797 ratio,
607 1726 703 1783 tanta
718 1726 766 1782 est
782 1721 818 1782 in
833 1720 968 1784 flumine
984 1741 1121 1798 quoque.

312 1830 389 1892 hinc
404 1850 505 1907 porro
519 1830 671 1907 quamuis
687 1830 888 1893 animantem
904 1852 944 1894 ex
959 1831 1110 1892 omnibus
1125 1851 1225 1893 unam

312 1960 384 2002 ossa
400 1960 498 2002 cruor
514 1959 617 2002 uenae
634 1941 722 2003 calor
738 1959 833 2002 umor
849 1940 978 2003 uiscera
993 1940 1089 2002 nerui

313 2050 537 2125 constituunt3
555 2071 638 2126 quae
655 2057 733 2112 sunt
750 2070 851 2127 porro
866 2050 1026 2112 distantia
1042 2051 1147 2126 longe,
1165 2078 1167 2085 ⁴

312 2158 464 2220 dissimili
480 2159 629 2236 perfecta
645 2159 753 2237 figura
770 2159 1020 2237 principiorum.

313 2348 383 2405 tum
399 2363 500 2421 porro
515 2364 739 2421 quaecumque
755 2343 826 2422 igni
842 2344 1010 2406 flammata
1025 2352 1224 2420 cremantur,

312 2453 340 2514 si
356 2453 405 2513 nil
422 2461 602 2530 praeterea,
620 2461 731 2516 tamen
746 2456 826 2516 haec
842 2454 878 2514 in
896 2473 1031 2531 corpore
1054 2460 1274 2524 (tractant)

312 2564 401 2626 unde
417 2563 526 2639 ignem
543 2563 648 2626 iacere
666 2571 697 2626 et
715 2565 826 2627 lumen
843 2563 1036 2626 submittere
1053 2563 1181 2640 possint

312 2672 537 2749 scintillasque
555 2693 651 2750 agere
669 2674 788 2736 aelate
807 2673 940 2736 differre
959 2672 1121 2734 fauillam.

270 2789 420 2845 —cetera
436 2782 597 2845 consimili
611 2783 731 2845 mentis
746 2783 874 2846 ratione
890 2802 1072 2860 peragrans

312 2891 461 2954 inuenies
477 2892 582 2969 igitur
597 2893 778 2955 multarum
795 2892 920 2955 semina
935 2912 1047 2954 rerum
1101 2934 1104 2945 ‹
1134 2933 1137 2937 -

312 3022 448 3079 corpore
464 3003 569 3064 celare
585 3009 617 3063 et
631 3002 745 3064 uarias
760 3002 909 3065 cohibere
924 3001 1057 3079 figuras.

313 3185 454 3262 denique
469 3187 575 3248 multa
590 3186 684 3248 uides
700 3186 819 3263 quibus
835 3193 868 3248 et
882 3187 969 3248 color
985 3194 1017 3247 et
1033 3206 1131 3263 sapor
1145 3206 1214 3248 una
1265 3260 1267 3264 μ

313 3296 445 3358 reddita
459 3303 537 3358 sunt
553 3316 626 3357 cum
642 3297 756 3358 odore:
774 3296 809 3356 in
825 3295 941 3373 primis
957 3296 1114 3382 pleraque
1130 3315 1235 3373 poma.

270 3434 272 3439 v
312 3407 392 3467 haec
410 3405 514 3482 igitur
534 3405 638 3467 uariis
657 3407 777 3467 debent
796 3411 945 3467 constare
964 3405 1097 3488 figuris:

313 3515 411 3576 nidor
426 3515 513 3577 enim
529 3521 682 3592 penetrat
699 3535 764 3591 qua
780 3514 878 3576 fucus
894 3534 961 3576 non
976 3513 1004 3576 it
1019 3514 1054 3575 in
1071 3521 1173 3590 artus,

313 3624 411 3686 fucus
430 3624 509 3687 item
529 3645 664 3700 sorsum,
690 3633 891 3695 <sorsum>
916 3644 1013 3701 sapor
1033 3623 1224 3685 insinuatur

313 3734 478 3809 sensibus;
494 3742 532 3795 ut
548 3754 661 3795 noscas
677 3733 795 3810 primis
809 3733 942 3795 differre
958 3732 1082 3809 figuris.

276 3842 486 3906 ——dissimiles
502 3843 606 3920 igitur
622 3843 748 3906 formae
764 3844 983 3923 glomeramen
999 3841 1034 3902 in
1049 3863 1155 3904 unum

313 3953 515 4015 conueniunt
531 3960 563 4015 et
578 3973 629 4014 res
646 3952 809 4030 permixto
824 3952 945 4013 semine
961 3959 1122 4013 constant.

324 4077 374 4125 673
385 4077 456 4137 ocdg¹
473 4076 593 4126 condunt

324 4145 374 4192 681
387 4145 460 4194 dona

817 4219 874 4270 [62]
