3234 4686
537 464 568 514 Τ.
588 464 752 515 LVGBETI
771 464 860 515 caol

159 676 274 739 omnia
292 679 455 755 cernebat,
475 698 697 756 quaecumque
716 685 895 756 receperat,
914 678 1014 741 intus.

159 786 321 849 ueridicis
336 785 441 864 igitur
456 788 616 865 purgauit
632 793 767 866 pectora
782 788 879 851 dictis

160 902 194 958 et
210 895 309 958 finem
324 896 443 959 statuit
459 897 655 975 cuppedinis
671 904 769 975 atque
785 896 912 959 timoris

161 1006 380 1083 exposuitque
395 1007 517 1068 bonum
532 1026 696 1069 summum
711 1027 777 1084 quo
790 1007 957 1070 tendimus
972 1028 1083 1070 omnes

163 1114 246 1192 quid
264 1114 360 1191 foret,
379 1123 477 1192 atque
493 1115 583 1178 uiam
598 1115 807 1192 monstrauit,
824 1116 958 1179 tramite
974 1136 1081 1194 paruo

163 1245 231 1301 qua
248 1244 413 1301 possemus
430 1225 474 1288 ad
490 1225 524 1287 id
540 1231 630 1288 recta
647 1226 843 1289 contendere
861 1246 970 1302 curso,

163 1334 288 1411 quidue
304 1334 383 1397 mali
398 1334 486 1397 foret
501 1335 537 1396 in
552 1336 650 1397 rebus
664 1335 857 1398 mortalibu'
873 1335 1005 1413 passim,

164 1445 254 1520 quod
268 1444 361 1507 fieret
376 1445 524 1507 naturali
538 1445 696 1522 uarieque
712 1445 839 1508 uolaret

163 1573 222 1614 seu
238 1573 316 1615 casu
331 1574 388 1616 seu
402 1553 448 1630 ui,
465 1554 552 1630 quod
569 1554 615 1616 sio
631 1561 755 1617 natura
771 1562 928 1632 parasset,

164 1669 197 1725 et
213 1663 333 1740 quibus
348 1685 364 1726 e
380 1663 486 1741 portis
502 1663 636 1726 occurri⁴
647 1663 764 1740 cuique
781 1664 919 1740 deceret,

164 1779 197 1834 et
213 1792 317 1850 genus
333 1773 514 1835 humanum
531 1772 660 1835 frustra
677 1774 871 1851 plerumque
888 1774 1045 1851 probauit

164 1883 300 1945 uoluere
316 1902 472 1944 curarum
487 1882 594 1944 tristis
610 1882 646 1943 in
662 1889 792 1960 pectore
810 1883 939 1945 fluctus.

165 2011 242 2054 cam
257 1991 363 2054 ueluti
379 1990 475 2069 pueri
491 1991 662 2069 trepidant
679 1999 778 2068 atque
793 1992 903 2055 omnia
917 1993 1020 2055 caecis

166 2100 201 2161 in
216 2101 362 2164 tenebris
376 2107 539 2183 metuunt,
556 2101 602 2164 sic
617 2122 676 2163 nos
692 2101 727 2162 in
742 2102 814 2165 luce
831 2102 983 2165 timemus

166 2210 344 2286 interdum,
361 2210 465 2273 nihilo
483 2231 566 2288 quae
583 2217 661 2273 sunt
677 2212 853 2273 metuenda
870 2211 975 2289 magis
992 2232 1090 2288 quam

166 2340 250 2396 quae
266 2320 362 2397 pueri
379 2320 415 2380 in
431 2320 576 2383 tenebris
592 2319 748 2398 pauitant
764 2321 960 2398 finguntque
978 2320 1105 2383 futura.

124 2429 254 2491 —hunc
271 2428 375 2506 igitur
391 2435 551 2492 terrorem
567 2429 669 2492 animi
686 2431 902 2507 tenebrasque
920 2417 1079 2493 necessest

166 2558 232 2600 non
249 2538 336 2600 radii
352 2539 429 2600 solis
444 2559 504 2601 nec
521 2539 631 2602 lucida
648 2540 714 2602 tela
731 2539 797 2600 diei

167 2647 357 2723 discutiant,
375 2649 432 2710 sed
449 2654 589 2710 naturae
606 2649 729 2726 specics
746 2649 905 2726 ratioque.

126 2777 231 2833 —quo
245 2757 350 2833 magis
366 2756 535 2834 inceptum
549 2778 685 2835 pergam
701 2765 871 2836 pertexere
888 2757 995 2821 dictis

230 2951 275 3013 Et
293 2952 447 3028 quoniam
463 2952 561 3015 docui
578 2952 694 3015 mundi
710 2952 864 3016 mortalia
880 2954 1004 3031 templa

167 3081 233 3124 esse
256 3068 362 3132 <et>
385 3061 501 3124 natiuo
517 3062 693 3125 consistere
711 3082 846 3139 corpore
864 3063 999 3140 caelum,

167 3177 199 3232 et
215 3190 461 3247 quaequomque
477 3171 512 3231 in
529 3191 565 3233 eo
580 3171 666 3234 fiunt
681 3171 817 3249 fierique
833 3179 1001 3249 necessest,

167 3281 324 3357 pleraque
342 3279 487 3356 dissolui,
507 3301 589 3357 quae
607 3288 734 3343 restant
752 3281 885 3359 percipe
902 3301 1011 3359 porro,

167 3388 432 3466 quondoquidem
449 3391 547 3451 semel
563 3390 724 3468 insignem
741 3391 956 3453 conscendere
972 3410 1107 3453 currum

135 3493 213 3559 [QVI
230 3495 552 3545 PROOVRATIONEM
569 3495 632 3546 DIS
650 3496 857 3546 ATTRIBVIT
876 3496 1004 3545 MVNDI
1021 3495 1099 3546 SIBI
1117 3495 1234 3546 IPSVM
1251 3497 1304 3546 DE

214 3579 276 3630 DIS
297 3578 592 3630 IMMORTALIBVS
613 3579 930 3630 SOLLICITVDINES
953 3579 1229 3645 CONSTITVERE]

167 3673 343 3731 uentorum
362 3669 517 3745 exirtant,
537 3669 711 3746 placentur
730 3668 839 3731 omnia
856 3689 989 3731 rursum

168 3798 250 3854 quae
267 3777 396 3840 fuerint
413 3777 480 3839 sint
497 3778 628 3855 placato
644 3797 802 3840 conuersa
819 3778 945 3841 fauore.

197 3909 311 3971 281119.
327 3912 401 3958 recto

196 3977 412 4027 4549111111
427 3979 540 4025 conotus
