3190 4682
554 431 585 482 Τ.
605 430 769 482 LVGBETI
788 428 878 482 CARI

181 651 216 708 ot
233 646 398 708 oonleotus
415 665 519 724 aquae
536 646 678 724 digitum
695 666 761 708 non
779 645 877 709 altior
893 666 1007 721 unum,

181 754 240 833 qui
255 754 383 833 lapides
400 755 488 818 inter
503 755 591 818 sistit
608 777 668 834 per
684 762 790 818 strata
806 755 948 830 uiarum,

181 865 372 942 despectum
388 866 523 942 praebet
539 867 600 927 sub
615 873 722 927 terras
738 864 849 943 inpete
865 872 969 942 tanto,

180 995 201 1037 a
219 973 319 1037 terris
334 981 496 1052 quantum
512 974 594 1037 oaeli
611 981 703 1053 patet
721 975 809 1037 altus
824 973 952 1051 hiatus3

179 1083 297 1146 nubila
314 1083 480 1161 despicere
498 1091 530 1147 et
547 1085 673 1147 eaelum
690 1090 728 1146 ut
745 1083 880 1147 uideare
897 1083 1021 1160 uidere,

180 1213 321 1271 oorpora
338 1193 488 1256 mirande
506 1194 566 1256 sub
584 1200 691 1256 terras
710 1193 824 1256 abdita
841 1193 938 1255 eaelo.

179 1302 323 1379 denique
339 1302 397 1366 ubi
412 1303 447 1364 in
462 1290 570 1366 medio
584 1302 678 1365 nobis
694 1323 769 1366 eous
784 1323 859 1365 aoer
875 1301 1021 1365 obhaesit

179 1412 317 1475 flumine
332 1418 365 1476 et
382 1413 418 1474 in
433 1413 570 1491 rapidas
585 1412 691 1476 amnis
707 1412 915 1490 despeximus
931 1413 1048 1489 undas,

179 1522 301 1585 stantis
319 1522 395 1600 equi
413 1542 532 1601 eorpus
550 1529 777 1585 transuersum
796 1521 885 1585 ferre
904 1522 1039 1584 uidetur

179 1631 233 1695 uis
251 1632 336 1694 etin
353 1632 529 1695 aduersum
545 1631 668 1694 flumen
685 1632 882 1695 contrudere
900 1630 1033 1710 raptim,

179 1748 212 1805 et
230 1761 434 1820 quocumque
451 1742 560 1804 oculos
576 1741 765 1804 traiecimus
782 1741 891 1804 omnia
909 1740 992 1804 ferri

179 1857 212 1914 et
229 1850 331 1914 fluere
348 1850 491 1913 adsimili
506 1851 600 1913 nobis
615 1851 743 1913 ratione
759 1850 928 1913 uidentur.

178 1960 330 2038 porticus
347 1960 476 2038 aequali
494 1960 645 2038 quamuis
663 1969 711 2024 est
729 1961 870 2038 denique
888 1960 992 2023 duotu

178 2078 336 2147 stansque
352 2069 387 2132 in
403 2077 601 2148 perpetuum
617 2070 754 2149 paribus
770 2071 907 2133 suffulta
923 2069 1092 2146 columnis,

178 2180 280 2257 longa
295 2187 407 2242 tamen
424 2187 519 2258 parte
537 2181 577 2243 ab
595 2201 722 2243 summa
738 2200 812 2243 oum
829 2186 900 2243 tota
916 2180 1061 2257 uidetur,

179 2289 343 2367 paulatim
360 2289 465 2351 trahit
482 2289 615 2367 angusti
633 2289 769 2367 fastigia
786 2289 868 2365 ooni,

178 2405 268 2462 tecta
284 2399 353 2462 solo
368 2398 508 2476 iungens
525 2407 623 2477 atque
640 2399 750 2462 omnia
766 2400 902 2462 dextera
918 2398 1021 2462 laeuis

179 2509 282 2570 donee
301 2508 337 2569 in
354 2510 527 2571 obsourum
545 2508 619 2571 ooni
636 2508 794 2571 conduxit
813 2529 960 2571 acumen·

178 2617 216 2679 in
233 2618 351 2696 pelago
365 2618 477 2680 nautis
494 2639 533 2681 ex
548 2618 647 2681 undis
663 2625 756 2681 ortus
772 2618 807 2679 in
823 2618 923 2681 undis

179 2727 228 2791 sol
244 2726 282 2789 fit
298 2726 349 2789 uti
365 2727 522 2790 uideatur
539 2727 628 2791 obire
646 2735 677 2790 et
694 2728 833 2790 oondere
850 2728 979 2804 lumen;

163 2836 306 2915 (quippe
320 2836 378 2899 ubi
391 2836 441 2898 nil
455 2837 547 2900 aliud
562 2837 626 2899 nisi
642 2857 760 2915 aquam
776 2838 966 2916 caelumque
981 2844 1136 2913 tuentur3
1199 2853 1206 2867 ·

178 2967 221 3009 ne
239 2946 358 3008 leuiter
375 2947 490 3009 oredas
507 2946 703 3009 labefaotari
721 2947 868 3023 undique
887 2947 1027 3023 sensus.)

180 3063 216 3118 ot·
232 3055 333 3118 maris
348 3055 475 3133 ignaris
491 3055 526 3117 in
542 3063 642 3134 portu
660 3056 779 3119 olauda
793 3056 954 3119 uidentur

179 3164 317 3242 nauigia
334 3164 494 3243 aplustris
512 3165 638 3229 fractas
654 3168 695 3228 ob
713 3165 814 3227 nitier
832 3166 948 3229 undas.

180 3294 257 3337 nam
274 3294 497 3352 quaecumque
514 3295 617 3353 supra
634 3295 741 3338 rorem
758 3275 835 3338 salis
853 3275 942 3338 edita
959 3295 1038 3354 pars
1055 3282 1103 3339 est

180 3403 354 3460 remorum,
372 3390 463 3447 reeta
480 3391 538 3460 est,
557 3391 589 3446 et
607 3392 697 3447 reeta
714 3405 855 3462 superne
874 3386 1038 3462 guberna:

180 3513 264 3571 quae
278 3494 427 3556 demersa
441 3493 567 3572 liquore
584 3495 714 3570 obeunt,
730 3493 876 3557 refracta
891 3494 1051 3557 uidentur

181 3603 290 3665 omnia
308 3602 458 3666 conuerti
474 3623 669 3680 sursumque
686 3602 808 3681 supina
825 3603 949 3666 reuerti

182 3719 213 3775 et
230 3712 351 3775 reflexa
368 3732 472 3790 prope
489 3712 525 3773 in
541 3732 668 3775 summo
684 3712 816 3776 fluitare
833 3712 969 3790 liquore.

191 3844 241 3891 414
251 3842 390 3892 coniectus

191 3912 241 3960 418
251 3910 323 3970 vola.
348 3910 417 3961 caeli
439 3915 470 3961 ut

191 3979 241 4027 419
251 3979 323 4038 vulp.
342 3978 450 4028 caerula

191 4046 241 4095 437
251 4046 323 4106 vulp.
340 4045 445 4096 fractis
462 4045 588 4096 obnitier
605 4045 689 4095 undis

192 4114 323 4176 440oulp.
341 4112 472 4178 liquorem

673 4211 748 4264 [1³3]
