3234 4686
592 453 642 503 DE
660 453 792 504 RERVM
810 453 965 503 NATVRA
988 454 1027 504 1⁷1

298 669 464 732 ulceribus
479 668 575 732 tetris
591 676 623 733 et
639 670 736 748 nigra
752 670 905 747 proluuie
922 669 990 733 alui

299 779 463 856 posterius
480 787 590 843 tamen
607 781 696 843 hunc
714 782 804 843 tabes
821 781 988 858 letumque
1005 782 1169 858 manebat,

299 896 358 952 aut
375 889 474 952 etiam
491 891 615 952 multus
632 890 752 968 capitis
768 912 842 953 cum
859 911 955 968 saepe
972 891 1082 953 dolore

299 1006 477 1077 corruptus
493 1000 627 1077 sanguis
644 1000 783 1078 expletis
799 1001 936 1063 naribus
952 1000 1037 1063 ibat:

298 1110 360 1172 hac
375 1109 516 1172 hominis
531 1115 619 1173 totae
636 1110 725 1172 uires
741 1130 924 1188 corpusque
941 1111 1073 1173 fluebat.

300 1219 503 1297 profluuium
521 1239 621 1297 porro
639 1220 696 1297 qui
713 1220 813 1283 taetri
830 1220 1002 1297 sanguinis
1019 1241 1093 1284 acre

300 1329 434 1406 exierat,
452 1337 563 1393 tamen
581 1329 616 1391 in
634 1350 755 1392 neruos
771 1330 848 1393 huic
865 1332 998 1393 morbus
1017 1337 1049 1393 et
1068 1337 1161 1393 artus

300 1440 369 1502 ibat
386 1445 418 1502 et
435 1439 470 1500 in
487 1440 594 1517 partis
610 1440 764 1518 genitalis
780 1440 926 1518 corporis
943 1440 1041 1518 ipsas.

300 1556 332 1612 et
350 1549 499 1628 grauiter
517 1548 640 1627 par'tim
656 1558 838 1612 metuentes
855 1549 970 1612 limina
986 1549 1045 1612 leti

300 1659 460 1722 uiuebant
475 1658 566 1723 ferro
581 1660 708 1739 priuati
723 1668 819 1737 parte
835 1659 937 1736 uirili,

300 1775 333 1832 et
349 1769 502 1832 manibus
517 1769 587 1832 sine
604 1770 756 1832 nonnulli
774 1769 976 1847 pedibusque
994 1771 1171 1833 manebant

301 1880 336 1940 in
353 1880 426 1942 uita
442 1886 562 1956 tamen,
580 1887 612 1943 et
629 1880 812 1957 perdebant
829 1880 956 1943 lumina
973 1879 1113 1957 partim:

285 1990 405 2066 <usque
423 1991 504 2052 adeo
520 1990 636 2053 mortis
653 1997 760 2052 metus
775 1989 826 2051 his
843 1991 1020 2052 incesserat
1038 1990 1138 2065 acer.)
1182 2006 1184 2011 ⁴

301 2106 400 2176 atque
418 2099 516 2163 etiam
535 2101 692 2177 quosdam
711 2121 824 2177 cepere
842 2099 965 2163 obliuia
982 2121 1093 2163 rerum

286 2184 506 2285 cunctarum,
523 2230 628 2287 neque
645 2230 678 2271 se
696 2218 827 2287 possent
845 2217 1091 2287 cognoscerent
1109 2209 1182 2287 ipsi.

259 2321 471 2396 —multaque
487 2319 579 2381 humi
595 2340 669 2382 cum
686 2320 859 2383 inhumata
875 2320 1019 2382 iacerent
1037 2340 1174 2396 corpora
1191 2339 1293 2396 supra

302 2429 503 2506 corporibus,
522 2436 632 2492 tamen
651 2412 792 2493 alituum
811 2450 914 2508 genus
932 2438 1029 2506 atque
1048 2429 1196 2492 ferarum

302 2546 360 2601 aut
379 2541 494 2624 procul
512 2539 695 2617 apsiliebat,
713 2548 751 2602 ut
769 2560 876 2603 acrem
894 2540 1016 2602 exeiret
1035 2540 1176 2615 odorem,

303 2656 370 2725 aut,
390 2650 447 2712 ubi
466 2655 627 2727 gustarat,
647 2651 825 2727 languebat
844 2657 947 2711 morte
967 2649 1164 2727 propinqua.

250 2772 361 2822 '—nec
378 2767 488 2822 tamen
506 2759 639 2823 omnino
655 2767 776 2822 temere
793 2760 860 2821 illis
877 2759 998 2821 solibus
1016 2761 1086 2822 ulla

302 2871 511 2946 comparebat
528 2869 609 2946 auis,
626 2890 685 2932 nec
706 2869 895 2941 <tris>tia
911 2870 1016 2931 saecla
1033 2869 1181 2933 ferarum

303 2979 455 3042 excibant
475 2978 577 3041 siluis.
619 2980 821 3056 languebant
842 2980 998 3057 pleraque
1019 2980 1130 3041 morbo

303 3097 334 3151 et
351 3088 585 3151 moriebantur.
624 3111 698 3151 cum
715 3089 832 3166 primis
847 3089 914 3151 fida
931 3109 1050 3151 canum
1066 3087 1118 3150 uis

303 3204 408 3261 strata
425 3198 490 3260 uiis
508 3199 650 3262 animam
667 3201 809 3276 ponebat
827 3199 861 3259 in
878 3198 1029 3261 omnibus
1046 3219 1159 3275 aegre;

303 3310 519 3386 extorquebat
537 3309 623 3370 enim
640 3309 746 3371 uitam
764 3309 816 3371 uis
832 3308 982 3370 morbida
1000 3307 1162 3371 membris.

303 3418 495 3481 incomitata
512 3418 587 3497 rapi
604 3420 775 3481 certabant
793 3418 914 3481 funera
931 3423 1036 3480 uasta.

261 3549 363 3591 —aec
380 3528 468 3591 ratio
484 3528 607 3590 remedi
626 3528 807 3590 communis
824 3535 913 3590 certa
932 3528 1092 3603 dabatur;

303 3660 380 3701 nam
397 3639 485 3716 quod
503 3637 548 3701 ali
566 3638 702 3700 dederat
720 3637 833 3700 uitalis
851 3637 936 3700 aeris
955 3657 1053 3700 auras

304 3749 437 3812 uoluere
456 3749 491 3809 in
509 3768 563 3810 ore
581 3748 678 3809 licere
697 3755 728 3808 et
746 3747 827 3809 caeli
845 3748 968 3825 templa
986 3746 1083 3823 tueri,

303 3861 363 3921 hoc
382 3859 455 3921 aliis
473 3865 544 3921 erat
562 3857 662 3920 exitio
678 3857 845 3933 letumque
862 3859 1011 3934 parabat.

367 3969 458 4031 Illud
476 3968 511 4028 in
528 3967 579 4029 his
597 3969 695 4029 rebus
711 3966 935 4028 miserandum
952 3987 1149 4044 magnopere
1168 3986 1272 4028 unum

304 4078 527 4141 aerumnabile
546 4084 626 4153 erat,
644 4077 731 4154 quod
748 4076 805 4138 ubi
823 4097 856 4139 se
873 4075 1010 4154 quisque
1024 4075 1161 4167 uidebat

298 4227 367 4276 1204
376 4226 428 4275 huc
800 4225 874 4275 [256]
