3234 4686
539 481 568 529 Τ.
590 480 753 532 LVGBETI
772 480 861 531 onai

122 713 225 755 —aec
240 699 351 755 tamen
367 692 452 756 illud
468 693 504 754 in
519 693 571 756 his
586 696 684 757 rebus
700 693 850 756 mirabile
867 694 962 756 debet
1049 720 1052 725 ’

163 822 244 878 esse,
261 803 348 880 quod
362 804 443 866 haec
459 803 545 880 ignis
560 810 630 866 tam
646 810 735 867 certo
750 810 896 881 tempore
914 802 1040 881 possint

163 911 291 975 semina
308 913 471 974 confluere
488 918 520 976 et
537 913 614 975 solis
630 933 787 990 reparare
804 912 953 975 nitorem.

163 1022 272 1084 multa
288 1021 440 1085 uidemus
457 1022 554 1098 enim,
572 1030 662 1085 certo
680 1043 763 1099 quae
780 1030 927 1099 tempore
944 1021 1030 1084 fiunt

163 1130 317 1193 omnibus
334 1131 369 1192 in
385 1133 492 1194 rebus.
531 1132 708 1194 florescunt
723 1139 870 1208 tempore
886 1137 975 1194 certo

164 1242 304 1304 arbusta
320 1247 352 1305 et
369 1248 460 1305 certo
475 1241 652 1304 dimittunt
668 1248 815 1318 tempore
832 1241 954 1304 florem.

163 1370 226 1414 nec
242 1350 350 1412 minus
365 1351 401 1413 in
417 1359 507 1414 certo
523 1352 637 1414 dentes
652 1352 768 1413 cadere
784 1350 926 1427 imperat
942 1356 1033 1413 aetas

163 1467 313 1538 tempore
330 1466 362 1524 et
380 1461 538 1538 inpubem
554 1460 644 1524 molli
662 1461 839 1538 pubescere
856 1466 948 1523 ueste

165 1576 199 1632 et
216 1570 343 1647 pariter
359 1571 489 1633 mollem
506 1570 602 1632 malis
617 1570 789 1633 demittere
805 1570 950 1631 barbam.

166 1679 311 1742 fulmina
327 1687 493 1757 postremo
507 1679 566 1741 nix
582 1680 702 1741 imbres
717 1679 833 1741 nubila
848 1678 942 1741 uenti

165 1809 233 1851 non
250 1789 348 1851 nimis
364 1788 500 1852 incertis
514 1788 600 1851 fiunt
618 1789 653 1850 in
670 1780 822 1866 partibus
839 1787 929 1850 anni.

122 1919 309 1975 -namque
324 1898 382 1961 ubi
398 1899 444 1961 sio
460 1898 600 1961 fuerunt
616 1918 790 1961 causarum
806 1897 941 1961 exordia
957 1897 1066 1975 prima

167 2014 267 2086 atque
284 2007 332 2071 ita
348 2028 400 2069 res
416 2008 533 2070 mundi
550 2008 693 2070 cecidere
710 2008 751 2070 ab
768 2007 895 2084 origine
911 2007 1029 2084 prima,

167 2117 360 2195 consequiae
377 2138 506 2195 quoque
523 2117 588 2180 iam
606 2124 744 2180 suerunt
762 2138 802 2179 ex
819 2115 934 2179 ordine
951 2123 1050 2179 certo.

385 2223 436 2272 DE
454 2223 520 2272 DIE
538 2222 664 2273 LONGO
681 2222 730 2272 ΕΤ
749 2222 872 2273 NOCTE
891 2222 1008 2271 BREVI

186 2312 383 2375 -Orescere
402 2297 632 2389 itemque'dies
650 2311 726 2374 licet
744 2319 775 2373 et
792 2312 957 2374 tabescere
974 2317 1095 2393 noctes,

167 2428 200 2484 et
216 2421 323 2484 minui
338 2423 436 2498 luces,
454 2442 527 2484 cum
544 2429 676 2484 sumant
693 2421 849 2499 augmina
865 2427 984 2497 noctes,

77 2609 82 2622 .
167 2537 227 2594 out
244 2531 322 2608 quia
338 2531 386 2593 sol
401 2531 488 2593 idem
504 2533 564 2594 sub
581 2538 688 2593 terras
705 2537 803 2607 atque
820 2550 962 2608 superne

167 2640 351 2718 imparibus
367 2661 503 2702 currens
520 2640 737 2704 amfractibus
754 2640 895 2703 aetheris
911 2660 985 2703 oras

168 2750 275 2827 partit
292 2750 375 2812 etin
391 2750 499 2827 partis
514 2770 581 2812 non
598 2769 718 2827 aequas
734 2749 858 2815 diuidit
875 2751 995 2825 orbem,

168 2866 200 2923 et
216 2860 304 2937 quod
321 2862 361 2922 ab
378 2861 541 2922 alterutra
557 2859 704 2922 detraxit
720 2865 825 2936 parte,
843 2858 974 2936 reponit

169 2968 239 3032 eius
254 2969 290 3030 in
307 2969 447 3032 aduersa
461 2975 557 3032 tanto
572 2970 648 3047 plus
664 2975 759 3046 parte
776 2969 910 3045 relatus,

169 3079 271 3142 donec
286 3078 377 3141 adid
392 3079 523 3155 signum
537 3078 617 3141 caeli
631 3077 794 3155 peruenit,
809 3077 867 3140 ubi
882 3077 961 3141 anni

168 3189 275 3250 nodus
291 3195 471 3251 nocturnas
487 3195 647 3264 exaequat
664 3187 793 3249 lucibus
809 3189 952 3249 umbras.

155 3298 256 3373 (nam,
274 3297 382 3360 medio
399 3318 498 3359 cursu
517 3297 616 3359 flatus
633 3296 796 3374 aquilonis
815 3304 847 3359 et
865 3296 980 3372 austri,

169 3407 306 3470 distinet
323 3414 463 3484 aequato
480 3407 605 3469 caelum
622 3406 810 3468 discrimine
826 3412 930 3468 metas

169 3523 307 3595 propter
324 3515 478 3593 signiferi
493 3516 677 3594 posituram
693 3515 797 3578 totius
814 3514 910 3591 orbis,

169 3647 281 3689 annua
296 3626 344 3688 sol
359 3625 395 3686 in
410 3646 476 3703 quo
490 3625 657 3688 concludit
674 3631 823 3701 tempora
838 3643 981 3700 serpens,

170 3736 300 3813 obliquo
318 3743 426 3798 terras
445 3742 477 3798 et
495 3735 621 3798 caelum
639 3733 763 3797 lumine
781 3735 937 3808 lustrans,

169 3852 207 3908 ut
223 3845 311 3908 ratio
326 3846 473 3908 declarat
490 3864 602 3906 eorum
619 3843 676 3920 qui
692 3844 763 3905 loca
779 3842 861 3904 caeli

180 3977 230 4027 667
239 3975 331 4042 possit
364 3976 438 4036 culp.
453 3978 568 4039 possunt
631 4005 634 4011 ›

181 4045 231 4094 679
240 4045 314 4105 vulp.
334 4058 490 4107 conseque.
510 4080 516 4091 .
537 4078 543 4091 .
562 4042 675 4091 redeunt

153 4144 157 4151 ·
181 4111 230 4160 690
241 4112 309 4173 fort.
325 4110 366 4160 sol
381 4114 440 4160 tum

181 4179 230 4229 692
241 4178 367 4230 contudit
403 4178 470 4240 sort.
489 4175 628 4226 contrudit

664 4251 738 4303 [187]
