3234 4686
589 434 620 483 Τ.
641 433 804 485 LVGBETI
823 432 912 484 canl

175 647 371 724 —numquis
388 647 475 710 enim
491 655 642 710 nostrum
657 648 799 711 miratur
816 647 918 725 siquis
934 647 970 708 in
987 652 1081 711 artus

218 756 343 835 accepit
359 757 466 820 calido
483 757 603 820 febrim
620 757 753 821 feruore
770 765 913 820 coortam

218 872 276 929 aut
294 866 397 929 alium
413 866 564 944 quemuis
580 866 686 929 morbi
704 887 763 945 per
780 868 926 930 membra
944 867 1109 928 dolorem?

203 975 420 1053 (obturgescit
437 975 524 1039 enim
540 976 649 1038 subito
665 996 732 1054 pes,
748 975 870 1053 arripit
886 996 961 1039 acer

218 1105 314 1162 saepe
331 1086 425 1147 dolor
440 1085 563 1161 dentes,
582 1086 691 1148 oculos
708 1085 840 1147 inuadit
857 1085 892 1146 in
909 1084 1005 1163 ipsos,

218 1194 330 1287 eristit
346 1215 437 1258 sacer
453 1194 540 1273 ignis
557 1200 589 1258 et
605 1194 675 1257 urit
692 1214 827 1272 corpore
844 1200 994 1272 serpens'

219 1324 457 1381 quamcumque
473 1304 619 1382 arripuit
635 1303 768 1382 partim,
784 1303 936 1381 repitque
953 1324 1012 1382 per
1027 1311 1129 1381 artus,

219 1413 376 1475 nimirum
393 1413 472 1491 quia
488 1421 566 1476 sunt
582 1414 763 1476 multarum
780 1413 904 1476 semina
922 1434 1041 1489 rerum,

219 1530 251 1586 et
266 1522 347 1585 satis
362 1524 441 1585 haec
457 1523 556 1586 telius
572 1522 677 1584 morbi
692 1523 882 1599 caelumque
898 1522 977 1585 mali
993 1522 1069 1600 fert,

219 1633 307 1695 unde
322 1639 421 1709 queat
435 1631 488 1694 uis
502 1631 651 1695 immensi
666 1651 870 1709 procrescere
885 1631 1017 1707 morbi.)
1059 1686 1063 1693 .

219 1740 384 1819 sicigitur
399 1741 461 1803 toti
476 1741 565 1804 caelo
580 1717 752 1818 terraeque
769 1741 987 1818 putandumst

220 1871 259 1913 ex
274 1850 406 1913 infinito
420 1849 501 1913 satis
516 1850 626 1913 omnia
640 1849 864 1928 suppeditare,

219 1960 307 2022 unde
323 1966 459 2036 repente
476 1967 575 2036 queat
591 1960 690 2021 tellus
706 1980 862 2022 concussa
877 1959 1003 2022 moue'ri

220 2088 344 2146 perque
359 2089 449 2132 mare
466 2089 503 2131 ac
517 2075 625 2131 terras
641 2068 779 2146 rapidus
796 2090 989 2147 percurrere
1005 2071 1113 2146 turbo,

220 2177 306 2255 ignis
323 2179 492 2240 abundare
509 2179 686 2254 Aetnaeus,
704 2178 921 2242 flammescere
938 2180 1081 2255 caelum;

205 2287 256 2363 (id
272 2307 401 2364 quoque
417 2286 504 2348 enim
520 2287 558 2349 fit
575 2294 607 2348 et
624 2288 801 2350 ardescunt
817 2288 969 2350 caelestia
985 2289 1110 2365 templa

220 2404 252 2460 et
267 2396 473 2474 tempestatis
490 2397 625 2474 pluuiae
642 2396 795 2474 grauiore
811 2404 924 2459 coortu

221 2512 308 2583 sunt,
326 2506 384 2569 ubi
401 2506 489 2570 forte
506 2506 554 2568 ita
571 2527 604 2569 se
621 2507 806 2569 tetulerunt
822 2507 947 2569 semina
964 2507 1157 2584 aquarum).

179 2623 255 2679 —ot
271 2615 370 2678 nimis
386 2623 434 2678 est
451 2615 568 2693 ingens
583 2616 716 2678 incendi
732 2615 887 2679 turbidus
905 2616 1013 2678 ardor.

220 2725 344 2788 scilicet
360 2732 393 2788 et
409 2724 542 2801 fluuius,
559 2724 616 2802 qui
633 2725 726 2788 uisus
741 2724 903 2787 maximus
921 2724 950 2788 ei

222 2834 279 2911 qui
294 2854 361 2896 non
377 2841 453 2897 ante
469 2834 611 2911 aliquem
626 2835 782 2897 maiorem
797 2834 895 2910 uidit,
912 2841 944 2896 et
960 2833 1077 2912 ingens

222 2945 320 3006 arbor
335 2945 494 3020 homoque
509 2943 654 3020 uidetur,
672 2951 704 3007 et
721 2942 829 3005 omnia
844 2944 885 3006 de
900 2964 1018 3021 genere
1034 2943 1132 3020 omni,

221 3053 364 3115 maxima
381 3074 463 3130 quae
479 3053 567 3116 uidit
584 3052 731 3130 quisque,
748 3054 827 3114 haec
844 3052 992 3130 ingentia
1008 3052 1115 3130 fingit,

222 3183 297 3225 cum
311 3170 422 3225 tamen
438 3163 546 3230 omnia
562 3183 636 3224 cum
653 3163 740 3225 caelo
756 3167 911 3238 terraque
926 3162 1075 3239 marique

221 3272 270 3333 nil
286 3272 353 3334 sint
370 3273 413 3334 ad
430 3292 589 3334 summam
606 3271 745 3333 summai
761 3271 865 3333 totius
881 3291 1017 3334 omnem.

284 3466 381 3527 Nunc
397 3472 508 3528 tamen
525 3465 583 3528 illa
598 3464 703 3526 modis
718 3464 837 3542 quibus
853 3463 993 3527 inritata
1009 3471 1146 3542 repente

223 3574 355 3638 flamma
371 3574 462 3637 foras
479 3573 583 3637 uastis
600 3574 728 3637 Aetnae
745 3573 937 3636 fornacibus
955 3574 1045 3649 efflet,

224 3683 405 3762 expediam.
443 3683 589 3761 primurn
606 3681 708 3744 totius
725 3683 869 3746 subcaua
885 3682 1006 3744 montis

225 3800 272 3855 est
288 3799 419 3868 natura,
437 3791 508 3855 fere
524 3791 654 3854 silicum
669 3792 808 3855 suffulta
825 3791 985 3854 cauernis.

225 3902 374 3964 omnibus
389 3909 438 3964 est
454 3920 554 3978 porro
569 3900 605 3961 in
621 3901 786 3977 speluncis
802 3907 923 3963 uentus
939 3905 971 3961 et
988 3920 1053 3963 aer.

235 4033 285 4082 674
296 4035 363 4094 fort.
379 4031 441 4082 uisu
456 4034 497 4080 eet
