3234 4684
501 465 552 513 DE
570 465 701 514 RERVM
718 465 873 514 NATVRA
893 465 910 514 Ι

178 677 328 756 liquidus
344 699 439 741 umor
455 686 487 743 et
503 680 659 743 uberibus
676 680 756 743 flent
773 680 883 744 omnia
899 679 1013 758 guttis.

180 788 322 866 dissipat
336 788 373 850 in
387 809 509 867 eorpus
522 809 589 852 sese
605 789 696 853 eibus
712 810 806 852 omne
821 790 1038 853 animantum.

181 904 333 962 creseunt
348 900 485 962 arbusta
501 906 534 963 et
549 899 639 963 fetus
656 899 691 961 in
707 906 854 978 tempore
871 899 1031 978 fundunt,

164 1009 272 1085 (quod
289 1008 382 1072 eibus
397 1008 433 1070 in
451 1014 538 1072 totas
554 1029 658 1086 usque
677 1010 717 1072 ab
735 1009 902 1073 radicibus
920 1010 994 1073 imis

182 1137 243 1195 per
257 1124 392 1181 truncos
408 1139 446 1182 11
461 1138 521 1197 per
537 1139 644 1182 ramos
659 1119 863 1183 diffrmditur
879 1119 1015 1197 omnis).

181 1227 270 1290 inter
287 1234 401 1305 saepta
417 1236 528 1292 meant
544 1248 641 1291 uoees
657 1236 689 1292 et
706 1229 818 1292 1111111
833 1230 1004 1293 domorum

181 1337 430 1415 transuolitant,
450 1337 597 1416 rigidum
616 1345 790 1418 permanat
809 1339 919 1417 frigus
938 1340 981 1402 ad
1000 1359 1080 1403 ossa.

133 1448 281 1525 —quod,
298 1447 362 1509 nisi
378 1447 493 1511 inania
507 1447 584 1525 sint,
602 1469 667 1525 qua
684 1456 816 1526 possent
833 1469 971 1526 corpora
987 1470 1135 1527 quaeque

182 1557 335 1633 transire,
352 1557 442 1620 baud
459 1558 530 1620 ulla
544 1558 616 1621 fieri
631 1559 760 1622 ratione
775 1559 916 1622 uideres.

134 1666 325 1743 -denique
342 1678 401 1729 our
419 1667 501 1730 alias
518 1668 592 1730 aliis
609 1675 778 1745 praestare
795 1669 948 1732 uidemus

182 1776 328 1853 pondere
343 1797 395 1839 res
409 1779 508 1840 rebus
522 1777 628 1840 nihilo
641 1777 764 1842 maiore
779 1778 908 1856 figurat

182 1906 260 1948 uam
275 1885 303 1948 si
317 1887 547 1950 tantundemst
562 1886 598 1949 in
611 1888 707 1950 111111
723 1888 864 1965 glomere
880 1896 1042 1965 quantum

183 1995 332 2072 eorporis
344 1996 380 2057 in
394 1996 530 2074 plumbo
543 2003 600 2074 est,
616 1999 813 2061 tantundem
829 1998 972 2075 pendere
987 2019 1050 2076 par
1065 2004 1122 2075 est,

183 2105 331 2182 eorporis
348 2106 487 2168 offieium
504 2113 552 2169 est
569 2107 726 2183 quoniam
741 2127 888 2184 premere
904 2107 1014 2170 omnia
1030 2108 1192 2185 deorsum,

183 2222 299 2277 eontra
317 2221 427 2278 autem
443 2223 566 2279 natura
582 2223 693 2279 manet
710 2217 779 2279 sine
797 2218 942 2295 pondere
958 2217 1077 2281 inanis

184 2344 263 2401 ergo
278 2325 365 2401 quod
381 2345 538 2403 magnum
555 2332 603 2388 est
620 2346 721 2403 aeque
739 2326 910 2404 leuiusque
926 2326 1071 2405 uidetur,

182 2432 341 2496 nimirum
356 2436 432 2512 plus
446 2454 513 2498 esse
528 2435 590 2499 sibi
605 2436 752 2498 (11111111
766 2436 891 2513 inanis;

184 2548 219 2605 11
234 2551 349 2607 eontra
363 2544 502 2621 grauius
515 2544 592 2622 plus
605 2545 642 2606 in
655 2565 689 2609 se
704 2545 851 2624 eorporis
865 2566 933 2611 esse

184 2652 316 2716 dedioat
333 2658 365 2717 et
381 2655 488 2716 multo
503 2654 602 2717 uaoui
618 2654 728 2717 minus
746 2655 837 2718 intus
854 2657 982 2719 habere.

138 2769 233 2825 -est
249 2761 353 2840 igitur
368 2763 526 2826 nimirum
542 2764 576 2825 id
594 2765 682 2842 quod
697 2764 825 2827 ratione
841 2765 956 2857 sagaci

185 2872 383 2948 quaerimus
401 2872 584 2936 admixtum
601 2875 708 2950 rebus,
727 2875 816 2951 quod
833 2874 931 2938 inane
948 2894 1112 2938 uoeamus.

499 3064 550 3115 DE
569 3064 742 3116 PISCIBVS
762 3066 806 3116 IN
826 3065 931 3131 AQVA
985 3072 987 3076 “

248 3151 339 3213 Illud
355 3151 390 3213 in
405 3152 457 3214 his
472 3154 579 3229 rebus
595 3174 637 3217 ne
651 3160 684 3217 te
700 3154 861 3217 deducere
877 3174 958 3217 uero

186 3260 289 3337 possit
305 3262 393 3338 quod
409 3261 544 3339 quidam
560 3262 701 3340 fingunt,
720 3284 933 3341 praecurrere
951 3284 1057 3341 sogor,

185 3370 299 3434 oedere
316 3371 531 3448 squamigeris
546 3372 660 3435 latices
675 3372 859 3436 nitentibus
876 3373 971 3436 aiunt

186 3487 217 3542 et
234 3480 379 3557 liquidas
395 3481 523 3557 aperire
538 3482 621 3558 uias,
638 3481 716 3559 quia
733 3490 806 3560 post
822 3483 892 3545 loea
909 3482 1014 3562 pisces

186 3588 349 3667 linquant,
367 3610 433 3667 quo
447 3590 574 3667 possint
591 3592 743 3654 cedentes
758 3592 921 3654 oonfluere
938 3593 1047 3655 undae
1056 3618 1064 3669 ;

186 3698 231 3761 sie
249 3698 331 3762 alias
347 3719 475 3776 quoque
491 3720 544 3762 res
560 3700 648 3763 inter
664 3721 697 3763 se
713 3721 805 3779 posse
823 3701 948 3764 moueri

187 3815 219 3871 et
234 3815 363 3872 mutare
378 3809 495 3886 loeum,
512 3809 663 3893 quamuis
680 3810 747 3873 sint
763 3811 872 3874 omnia
888 3812 996 3889 plena.

143 3917 309 3980 —seilioet
326 3917 359 3980 id
378 3917 464 3981 falsa
479 3924 587 3982 totum
602 3919 730 3982 ratione
747 3926 957 3998 reeeptumst.

143 4047 263 4090 —uam
278 4047 342 4104 quo
357 4027 558 4105 squamigeri
571 4035 731 4107 poterunt
746 4030 921 4106 procedere
937 4030 1080 4106 tandem,

187 4136 221 4197 ni
238 4136 383 4213 spatium
400 4137 553 4200 dederint
569 4137 703 4200 latioest
721 4138 895 4201 concedere
912 4159 1011 4218 porro

694 4245 752 4296 113]
