3234 4686
583 445 634 494 DE
653 444 785 495 RERVM
802 445 957 494 NATVBA
980 445 1019 494 Vl

289 660 368 722 haec
385 678 513 736 quoque
528 678 581 722 res
596 659 787 722 adiumento
801 666 957 737 motuque
974 659 1121 737 iuuatur,

290 769 387 846 quod,
405 768 503 831 simul
520 789 539 831 a
556 768 667 833 fronte
684 775 733 833 est
749 769 849 832 anelli
866 769 974 832 rarior
991 791 1047 833 aer

291 878 401 941 factus
417 878 630 956 inanitusque
645 880 736 942 locus
752 878 856 957 magis
873 900 911 942 ac
927 885 1098 956 uacuatus

289 988 447 1051 continuo
462 987 499 1051 fit
515 988 567 1051 uti
583 987 640 1066 qui
657 996 731 1068 post
747 995 795 1052 est
812 1008 950 1067 cumque
967 991 1092 1052 locatus

290 1117 346 1159 aer
363 1118 383 1161 a
396 1104 490 1175 tergo
505 1097 600 1175 quasi
615 1099 777 1176 prouehat
794 1105 892 1176 atque
909 1099 1083 1176 propellat.

289 1227 417 1285 semper
436 1206 523 1271 enim
541 1207 793 1287 circumpositus
811 1228 864 1271 res
881 1210 1036 1271 uerberat
1054 1229 1127 1285 aer3

290 1318 346 1379 sed
363 1317 424 1380 tali
441 1316 479 1380 fit
495 1318 547 1380 uti
564 1319 729 1395 propellat
745 1323 892 1395 tempore
909 1317 1047 1395 ferrum,

291 1434 386 1504 parte
404 1427 491 1505 quod
508 1449 548 1491 ex
564 1448 632 1490 uua
648 1428 794 1506 spatium
809 1435 908 1491 uacat
925 1435 957 1491 et
975 1428 1065 1505 capit
1082 1427 1117 1489 in
1134 1448 1177 1491 se.

290 1536 353 1612 hic,
369 1537 432 1600 tibi
446 1557 543 1614 quem
557 1557 708 1613 memoro,
726 1558 785 1615 per
801 1539 916 1601 crebra
932 1537 1097 1600 foramina
1113 1537 1196 1599 ferri

290 1667 414 1724 paruas
430 1647 472 1709 ad
489 1647 596 1725 partis
611 1647 778 1710 subtiliter
794 1647 983 1710 insinuatus

290 1756 399 1819 trudit
413 1763 445 1819 et
459 1756 601 1834 inpellit,
617 1757 711 1834 quasi
725 1776 844 1820 nauem
858 1757 996 1834 uelaque
1011 1764 1141 1820 uentus.

247 1866 432 1943 —denique
448 1887 499 1930 res
516 1887 625 1930 omnes
642 1868 761 1930 debent
778 1867 813 1928 iu
830 1886 965 1945 corpore
981 1868 1101 1930 habere

291 1996 377 2052 aera,
395 1976 662 2054 qnandoquidem
678 1996 756 2039 raro
771 1983 849 2038 sunt
866 1996 1001 2054 corpore
1018 1982 1051 2039 et
1067 1996 1123 2040 aer

290 2085 442 2148 omnibus
459 2092 508 2148 est
525 2087 624 2149 rebus
641 2086 866 2149 circumdatus
884 2086 1128 2163 adpositasque.

291 2195 344 2257 hic
360 2195 474 2273 igitur,
492 2196 625 2273 penitus
642 2195 699 2272 qui
715 2195 751 2256 in
767 2196 889 2259 ferrost
907 2196 1040 2259 abditus
1057 2217 1121 2272 aer,

291 2304 429 2368 sollicito
447 2313 539 2368 motu
557 2326 684 2383 semper
703 2305 847 2368 iactatur
866 2326 966 2383 eoque

291 2416 446 2478 uerberat
462 2415 606 2478 anellum
623 2416 723 2478 dubio
740 2416 857 2493 procul
873 2423 906 2478 et
922 2415 985 2478 ciet
1003 2415 1110 2491 intus;

291 2524 415 2588 scilicet
432 2524 487 2589 ille
504 2526 616 2588 eodem
633 2524 743 2588 fertur
760 2545 826 2603 quo
842 2525 1079 2603 praecipitauit

292 2635 357 2698 iam
375 2636 472 2698 semel
489 2641 521 2696 et
539 2642 667 2712 partem
685 2634 720 2696 in
737 2656 877 2697 uacuam
895 2635 1069 2698 conamina
1085 2634 1234 2713 sumpsit.

355 2744 412 2807 Fit
428 2765 557 2821 qnoque
573 2753 612 2807 ut
629 2766 647 2807 a
663 2744 775 2822 lapide
791 2746 851 2807 hoc
868 2744 951 2807 ferri
968 2752 1090 2808 natura
1107 2745 1237 2808 recedat

292 2854 470 2931 interdum,
489 2854 605 2932 fugere
625 2862 723 2931 atque
742 2855 834 2931 sequi
853 2861 1008 2917 consueta
1025 2854 1180 2917 uicissim.

293 2966 441 3027 exultare
459 2964 558 3027 etiam
577 2963 805 3027 Samothracia
821 2963 931 3027 ferrea
949 2964 1021 3026 uidi

292 3081 324 3137 et
340 3080 491 3137 ramenta
505 3074 604 3136 simul
620 3073 704 3135 ferri
721 3073 833 3135 furere
850 3073 940 3136 intus
956 3073 1070 3137 ahenis

292 3184 328 3245 in
342 3183 471 3261 scapiis,
486 3183 572 3260 lapis
586 3182 639 3245 hic
654 3183 791 3261 Magnes
806 3204 880 3245 cum
895 3183 1048 3245 subditus
1063 3191 1162 3247 esset:

291 3314 395 3370 usque
412 3295 494 3356 adeo
510 3292 626 3371 fugere
645 3313 663 3355 a
680 3313 759 3355 saxo
775 3292 895 3370 gestire
911 3291 1057 3356 uidetur.

292 3424 366 3467 cere
385 3402 582 3482 interposito
598 3401 763 3465 discordia
781 3408 877 3465 tanta
895 3409 1028 3466 creatur

293 3520 469 3591 propterea
485 3512 564 3589 quia
579 3511 736 3574 nimirum
753 3511 848 3589 prius
864 3518 973 3574 aestus
988 3511 1046 3574 ubi
1063 3512 1146 3575 aeris

292 3621 462 3701 praecepit
479 3621 627 3699 ferrique
644 3620 716 3684 uias
733 3620 878 3698 possedit
896 3627 1038 3699 apertas,

293 3732 454 3811 posterior
470 3730 592 3809 lapidis
608 3729 702 3794 uenit
718 3736 827 3793 aestus
843 3738 876 3793 et
893 3730 1003 3793 omnia
1018 3730 1117 3808 plena

293 3841 422 3906 inuenit
438 3842 473 3903 in
489 3841 580 3905 ferro
594 3861 699 3918 neque
714 3841 812 3902 habet
828 3860 894 3917 qua
908 3847 1020 3904 tranet
1034 3847 1073 3903 ut
1089 3846 1175 3904 ante.

249 3952 422 4029 —cogitur
441 3951 600 4013 offensare
619 3949 723 4027 igitur
742 3950 939 4027 pulsareque
958 3948 1061 4012 fluctu

293 4062 403 4125 ferrea
419 4067 511 4123 texta
527 4079 602 4135 suo;
620 4078 685 4137 quo
700 4064 798 4136 pacto
814 4057 942 4136 respuit
959 4060 999 4122 ab
1016 4079 1049 4122 se

787 4215 860 4266 [250]
