3190 4682
522 427 552 476 Τ.
573 425 736 478 LVGEETI
755 425 844 476 cna]

149 660 208 703 nee
224 640 294 702 sine
310 660 348 702 eo
361 639 435 701 fieri
450 659 544 719 posse
558 647 597 703 ut
613 660 785 703 cernamus
801 643 917 703 aeutei

149 756 181 812 et
194 757 305 812 tamen
320 749 356 811 in
369 752 467 814 rebus
481 770 610 827 quoque
625 749 751 827 apertis
764 769 896 813 noscere
911 747 1024 828 possis,

150 859 177 921 si
192 880 259 922 non
276 861 432 923 aduertas
448 859 604 936 animum,
622 859 761 937 proinde
777 878 844 922 esse
860 858 956 936 quasi
972 857 1061 920 omni

148 976 295 1047 tempore
310 977 468 1032 semotum
483 969 588 1032 fuerit
602 970 762 1046 longeque
776 975 948 1031 remotum.

109 1099 208 1141 -our
224 1078 330 1156 igitur
346 1078 507 1155 mirumst,
526 1077 656 1141 animus
671 1077 700 1140 si
716 1085 824 1140 cetera
842 1076 953 1155 perdit

148 1195 382 1267 praeterquam
398 1187 517 1265 quibus
534 1195 581 1251 est
598 1187 633 1248 in
649 1188 747 1250 rebus
763 1186 895 1249 deditus
911 1186 1002 1264 ipse?

147 1298 268 1360 deinde
285 1297 505 1375 adopinamur
522 1298 562 1359 de
579 1296 683 1374 signis
698 1296 842 1359 maxima
858 1295 974 1374 paruis

148 1427 185 1470 10
201 1427 261 1469 nos
276 1407 312 1468 in
327 1407 481 1470 fraudem
497 1406 666 1469 induimus
683 1405 911 1468 frustraminis
927 1404 1001 1483 ipsi.

212 1517 269 1579 Fit
285 1537 414 1594 quoque
429 1523 468 1579 ut
484 1516 652 1578 interdum
668 1536 735 1577 non
749 1514 984 1593 suppeditetur
999 1514 1107 1592 imago

148 1627 295 1689 eiusdem
310 1625 448 1704 generis,
463 1626 520 1688 sed
535 1624 660 1688 femina
676 1645 760 1702 quae
774 1624 843 1687 fuit
858 1631 945 1702 ante,

146 1735 182 1798 in
200 1735 352 1799 manibus
369 1735 424 1798 uir
440 1735 492 1797 uti
509 1734 619 1798 faetus
636 1735 792 1797 uideatur
809 1735 930 1810 adesse,

147 1853 207 1910 aut
224 1845 290 1909 1111
307 1866 346 1909 ex
362 1845 428 1908 alia
445 1844 547 1908 facies
563 1851 717 1921 aetasque
733 1851 901 1921 sequatur.

147 1956 237 2033 quod
252 1975 293 2016 ne
309 1955 467 2017 miremur
483 1974 580 2032 sopor
596 1962 695 2031 atque
712 1953 835 2017 obliuia
851 1961 980 2017 curant.

210 2320 302 2382 Illud
320 2318 355 2380 in
371 2319 423 2381 his
440 2320 537 2382 rebus
553 2318 675 2383 uitium
692 2319 900 2381 vehementer
918 2318 1041 2381 auessis

146 2430 302 2507 effugere,
321 2450 465 2493 errorem
482 2429 655 2506 uitareque
674 2436 949 2506 praemetuentem

146 2539 276 2602 lumina
291 2538 455 2602 nefarias
473 2540 641 2601 oculorum
659 2539 749 2601 01111
767 2545 887 2615 ereata,

146 2648 335 2727 prospicere
352 2655 390 2711 ut
408 2648 577 2726 possimne,
596 2656 628 2711 et
644 2655 683 2711 ut
700 2647 852 2726 proferre
868 2657 1104 2724 quea<mus>

146 2777 300 2836 proceros
317 2778 442 2836 passus,
459 2758 533 2820 ideo
549 2757 686 2835 fastigia
702 2777 795 2835 posse

146 2888 302 2931 surarum
319 2888 356 2930 10
372 2867 534 2930 feminum
550 2867 690 2945 pedibus
706 2867 850 2930 fundata
867 2866 995 2944 plicari,

146 2977 284 3041 brachia
300 2984 371 3040 tum
389 2997 489 3054 porro
504 2977 626 3040 ualidis
644 2998 684 3040 ex
701 2984 781 3055 apta
798 2976 930 3039 lacertis

145 3107 215 3149 esse
229 3107 410 3164 manusque
425 3088 523 3150 datas
536 3094 677 3164 utraque
698 3097 812 3158 <ex>
833 3094 928 3164 parte
944 3086 1122 3162 ministras,

146 3204 186 3260 ut
202 3197 312 3259 faeere
328 3197 371 3260 ad
386 3196 491 3259 uitam
507 3216 673 3275 possemus
689 3217 772 3274 quae
788 3196 876 3258 foret
891 3216 979 3259 usus.

146 3313 258 3369 cetera
273 3307 313 3369 de
330 3327 447 3384 genere
464 3308 524 3369 11οο
541 3307 627 3370 inter
644 3327 868 3384 quaecumque
885 3312 1071 3383 pretantur,

147 3416 257 3479 omnia
274 3436 431 3493 peruersa
448 3425 661 3494 praepostera
678 3423 756 3479 sunt
772 3415 910 3491 ratione,

147 3525 197 3588 nil
213 3527 287 3588 ideo
302 3525 457 3602 quoniam
472 3532 589 3588 natum
606 3533 654 3588 est
670 3525 706 3587 in
722 3545 857 3603 corpore
873 3532 912 3587 ut
928 3525 979 3587 uti

148 3655 324 3713 possemus,
342 3637 399 3697 sed
417 3635 504 3712 quod
522 3642 669 3698 natumst
687 3635 722 3697 id
740 3641 892 3712 procreat
910 3655 1016 3697 usum.

178 3741 292 3792 PRIVS
313 3740 456 3791 OCVLOS
478 3740 659 3790 LINGVAM
680 3740 804 3790 AVRES
826 3739 917 3790 ESSE
940 3739 1045 3790 NATA
1066 3739 1177 3804 QVAM

547 3825 681 3875 EORVM
701 3824 808 3875 VSVM

104 3935 206 3978 —nee
222 3914 290 3978 fuit
306 3922 383 3978 ante
398 3913 512 3976 uidere
528 3914 697 3977 oculorum
713 3914 839 3977 lumina
854 3920 935 3977 nata

159 4048 207 4097 822
218 4049 312 4098 inesse
346 4047 413 4109 fort.
430 4046 514 4096 rebus
530 4046 620 4111 possis
636 4046 739 4096 vitium
755 4046 938 4097 vehementer

159 4116 208 4166 825
218 4118 291 4178 vulp.
307 4129 447 4179 possemus

643 4200 716 4251 [147]
