3190 4682
642 428 694 478 DE
712 428 844 478 RERVM
861 427 1016 478 NATVRA
1035 428 1080 478 11⁷

351 643 482 720 attinet,
499 663 566 708 esse
584 665 622 708 ea
639 664 722 721 quae
739 664 850 707 rerum
868 643 1044 708 simulacra
1060 664 1231 707 uocamus:

351 772 434 831 quae
453 752 547 831 quasi
564 755 772 816 membranae
790 755 842 816 vel
860 760 971 816 cortex
989 753 1259 829 nominitandast,

298 892 300 896 ’
351 863 439 940 quod
456 863 596 941 speciem
614 883 651 927 ac
668 863 809 925 formam
826 863 965 926 similem
981 863 1067 941 gerit
1084 862 1154 926 eius
1170 863 1279 940 imago

350 973 583 1050 cuiuscumque
600 973 687 1036 cluet
704 973 744 1036 de
762 992 897 1050 corpore
914 972 992 1036 fusa
1007 967 1156 1058 uagaridi

414 1333 586 1413 Principio
604 1335 758 1412 quoniam
776 1336 917 1399 mittunt
935 1336 971 1396 in
989 1338 1087 1399 rebus
1105 1336 1230 1414 apertis

351 1464 490 1521 corpora
505 1464 558 1507 res
573 1446 706 1522 multae,
723 1445 848 1523 partim
864 1446 986 1508 diffusa
1001 1446 1115 1521 solute,

350 1554 469 1616 robora
484 1574 543 1616 ceu
560 1553 690 1617 fumum
705 1555 846 1617 mittunt
862 1554 1018 1632 ignesque
1034 1575 1201 1633 uaporem,

352 1670 385 1726 et
402 1663 525 1741 partim
543 1671 696 1728 contexta
713 1665 817 1741 magis
835 1665 1071 1741 condensaque,
1090 1671 1128 1727 ut
1146 1664 1223 1727 olim

351 1793 425 1834 cum
439 1772 554 1835 teretis
569 1780 698 1851 ponunt
712 1774 843 1837 tunicas
859 1781 981 1837 aestate
997 1774 1137 1850 cicadae,

352 1889 384 1945 et
399 1882 500 1944 uituli
516 1903 590 1945 cum
604 1884 811 1946 membranas
825 1885 866 1947 de
881 1904 1017 1961 corpore
1033 1904 1159 1946 summo

352 1998 521 2055 nascentes
537 1992 686 2068 mittunt,
704 2000 736 2055 et
752 1993 830 2055 item
847 2014 921 2055 cum
936 1993 1065 2056 lubrica
1080 2013 1214 2071 serpens

352 2101 444 2164 exuit
459 2101 495 2162 in
510 2101 615 2180 spinis
630 2108 755 2165 uestem
776 2102 869 2178 (nam
885 2123 982 2180 saepe
997 2102 1148 2165 uidemus

352 2211 484 2273 illorum
502 2210 616 2289 spoliis
632 2231 751 2289 uepres
768 2212 987 2275 uolitantibus
1005 2213 1133 2287 auctas)
1150 2239 1156 2274 :

309 2340 436 2398 —quae
454 2321 609 2397 quoniam
626 2321 721 2398 fiunt,
739 2321 848 2384 tenuis
866 2342 994 2399 quoque
1012 2312 1108 2384 debet
1126 2321 1234 2400 imago

352 2431 393 2493 ab
408 2431 506 2492 rebus
520 2430 610 2493 mitti
624 2451 750 2493 summo
766 2432 806 2493 de
822 2451 957 2509 corpore
973 2451 1094 2493 rerum.

353 2560 429 2602 uam
445 2561 504 2602 cur
518 2540 577 2603 illa
591 2541 713 2603 cadant
728 2540 832 2617 magis
848 2542 888 2604 ab
904 2542 1066 2618 rebusque
1081 2542 1237 2604 recedant

353 2669 451 2726 quam
467 2669 550 2727 quae
566 2649 681 2712 tenuia
696 2656 783 2727 sunt,
800 2649 979 2712 hiscendist
995 2651 1089 2713 nulla
1105 2657 1250 2728 potestas
1259 2676 1266 2727 ;

352 2758 548 2836 praesertim
563 2779 637 2821 cum
651 2759 718 2822 sint
734 2759 769 2821 in
784 2759 919 2821 summis
934 2779 1074 2837 corpora
1088 2760 1186 2822 rebus

351 2869 458 2930 multa
474 2868 613 2944 minuta,
631 2868 694 2931 iaci
710 2888 793 2945 quae
810 2869 936 2947 possint
953 2869 1068 2931 ordine
1086 2869 1198 2931 eodem

353 2997 419 3055 quo
434 2977 564 3041 fuerint
580 2984 613 3040 et
630 2977 750 3040 formai
768 2998 900 3041 seruare
917 2978 1067 3055 figuram,

353 3094 385 3150 et
401 3088 506 3150 multo
521 3087 628 3164 citius,
645 3094 770 3165 quanto
784 3087 893 3150 minus
909 3087 1102 3165 indupediri

353 3217 459 3274 pauca
476 3203 602 3274 queunt
619 3204 651 3260 et
673 3196 812 3268 <iam>
834 3204 912 3260 sunt
928 3197 1037 3274 prima
1054 3196 1165 3259 fronte
1182 3198 1297 3260 locata.

353 3328 429 3370 uam
445 3314 532 3370 certe
548 3307 653 3369 iacere
670 3327 707 3370 ac
723 3306 840 3383 largiri
855 3308 961 3369 multa
976 3306 1136 3382 uidemus,

353 3436 420 3478 non
435 3417 540 3478 solum
557 3437 596 3479 ex
612 3417 680 3478 alto
695 3415 902 3493 penitusque,
920 3422 957 3478 ut
975 3415 1118 3478 diximus
1135 3423 1221 3492 ante,

353 3546 470 3588 uerum
486 3526 526 3587 de
543 3525 677 3587 summis
694 3524 802 3603 ipsum
820 3545 948 3602 quoque
964 3544 1059 3603 saepe
1076 3525 1225 3588 colorem.

354 3642 386 3698 et
400 3635 499 3712 uolgo
513 3634 644 3697 faciunt
660 3635 695 3696 id
710 3636 801 3697 lutea
815 3654 974 3710 russaque
988 3635 1063 3698 uela

354 3751 386 3807 et
402 3744 586 3822 ferrugina,
603 3765 677 3806 cum
692 3743 821 3833 magnis
836 3742 966 3806 intenta
981 3743 1121 3836 theatris

382 3877 414 3926 63
426 3876 493 3938 fort.
509 3873 694 3935 debettenuis

382 3944 497 4004 71vclq.
517 3945 654 4007 <quae>

384 4012 416 4061 72
427 4012 494 4074 fort.
512 4011 549 4062 ad
567 4011 687 4062 iaculari
705 4011 781 4062 acies
799 4010 940 4075 permulta

849 4196 922 4248 [120]
