3190 4682
536 465 566 514 Τ.
585 464 748 514 Lucrum
765 465 854 516 affl

158 683 199 740 ut
215 677 353 755 grauior
367 681 469 757 paulo
482 680 586 758 possit
599 680 778 753 dissoluere
794 701 901 743 eausa.
1134 750 1143 763 υ
1175 750 1183 764 υ

175 816 177 819 ’
227 787 316 866 Quid
331 788 464 852 dubitas
478 790 613 863 tandem
628 789 709 868 quin
724 796 818 865 extra
832 790 967 868 prodita
980 810 1100 868 corpus
1153 774 1173 833 “3
1185 826 1193 837 υ
1203 780 1221 818 ”
1272 846 1292 874 α,

158 896 318 960 inbecilla
332 897 423 962 foras
438 899 473 960 in
489 904 613 977 aperto,
629 900 772 977 tegmine
787 900 930 978 dempto,
946 961 950 973 ,
1035 966 1037 971 ,
1260 888 1268 898 ff

158 1027 229 1069 non
244 1008 342 1070 modo
355 1028 422 1069 non
438 1028 564 1072 omnem
579 1009 682 1087 possit
698 1010 820 1073 durare
836 1030 895 1087 per
911 1030 1035 1087 aeuom,
1055 1089 1057 1094 ,

158 1118 217 1179 sed
232 1116 408 1179 minimum
423 1118 564 1195 quoduis
578 1126 719 1196 nequeat
734 1119 910 1182 consistere
925 1123 1077 1197 tempus?

116 1246 219 1290 -aaec
235 1226 300 1289 sibi
316 1226 403 1290 enirn
419 1228 592 1305 quisquam
607 1228 749 1291 moriens
764 1228 887 1292 sentire
901 1228 1038 1317 uidetur

125 1313 127 1320 ’
158 1335 208 1397 ire
224 1335 320 1399 foras
335 1337 478 1400 animam
493 1337 688 1400 incolumem
703 1338 744 1400 de
760 1358 894 1416 corpore
910 1344 981 1401 toto
1076 1378 1078 1383 <

157 1466 219 1509 nec
234 1445 332 1524 prius
347 1447 389 1509 ad
404 1447 555 1525 iugulum
571 1453 604 1510 et
618 1467 739 1525 supera
754 1449 926 1512 succedere
941 1448 1063 1526 fauces,

157 1575 279 1618 uerum
294 1555 430 1618 deficere
444 1556 480 1617 in
495 1534 585 1620 certa
599 1556 731 1634 regione
745 1558 902 1635 locatam3
970 1598 971 1602 =
1041 1602 1044 1611 ψ

157 1671 197 1728 ut
211 1685 328 1728 sensus
343 1665 425 1729 alios
438 1665 474 1727 in
489 1666 580 1744 parti
595 1687 756 1744 quemque
771 1687 832 1730 sua
846 1668 908 1730 scit

158 1774 307 1838 dissolui.
345 1776 433 1853 quod
449 1775 477 1838 si
492 1775 677 1839 inmortalis
692 1783 807 1840 nostra
822 1777 911 1840 foret
924 1797 1027 1856 mens,

87 1941 93 1953 ,
157 1904 224 1946 non
238 1890 310 1948 tam
323 1904 356 1948 se
369 1885 511 1949 moriens
526 1885 662 1948 dissolui
676 1893 942 1965 conquereretur,

158 1994 215 2056 sed
230 1994 337 2072 magis
351 1994 399 2056 ire
415 1994 506 2058 foras
520 2002 709 2073 uestemque
724 1996 919 2074 relinquere,
935 2002 973 2060 ut
988 1996 1116 2074 anguis.

220 2188 373 2265 Denique
390 2209 450 2251 cur
466 2189 568 2252 animi
584 2210 764 2267 numquam
781 2210 872 2253 mens
889 2190 1125 2269 consiliumque

159 2295 310 2374 gignitur
325 2297 361 2359 in
376 2298 484 2376 capite
499 2305 557 2362 aut
572 2299 712 2377 pedibus
726 2299 930 2377 manibusue,
946 2301 1002 2363 sed
1017 2300 1094 2365 unis
1188 2367 1189 2370 ,

85 2418 89 2437 ·
158 2406 291 2469 sedibus
309 2413 341 2471 et
357 2407 456 2471 certis
474 2408 660 2486 regionibu'
680 2409 826 2486 corporis
843 2410 966 2487 haeret,

158 2514 185 2575 si
198 2536 266 2578 non
282 2524 372 2580 certa
387 2518 458 2581 loca
472 2519 515 2582 ad
529 2519 730 2581 nascendum
745 2519 878 2582 reddita
892 2520 1009 2597 cuique

158 2631 244 2703 sunt,
261 2632 295 2689 et
309 2627 367 2690 ubi
382 2627 539 2704 quicquid
555 2627 658 2705 possit
673 2629 795 2707 durare
811 2636 975 2705 creatum3

159 2740 256 2811 atque
273 2735 322 2798 ita
338 2736 540 2799 multimodis
557 2738 723 2816 perdoctis
740 2740 879 2801 artubus
895 2759 972 2815 esse,

158 2847 377 2909 membrorum
391 2852 430 2908 ut
444 2867 624 2924 numquam
639 2847 759 2911 existat
774 2854 1006 2927 praeposterus
1021 2849 1122 2911 ordol
1207 2911 1209 2915 ,

120 2972 259 3030 -usque
275 2955 358 3018 adeo
372 2956 521 3033 sequitur
536 2977 588 3019 res
604 2979 672 3020 rem
688 2978 793 3035 neque
808 2958 940 3021 flamma
955 2958 1061 3021 creari

159 3060 349 3128 fluminibus
365 3065 492 3128 solitast
508 3087 613 3143 neque
630 3066 666 3127 in
682 3067 752 3144 igni
770 3066 899 3145 gignier
916 3068 1018 3145 algor.

371 3341 421 3391 DE
437 3341 620 3393 SENSIBVS
637 3343 792 3394 ANIMAE
809 3344 857 3394 ET
873 3344 993 3394 ANIMI

218 3427 395 3493 Praeterea
414 3430 442 3492 si
460 3430 645 3493 inmortalis
664 3437 787 3495 natura
806 3432 960 3495 animaist

160 3540 190 3595 et
204 3538 324 3600 sentire
339 3546 447 3617 potest
461 3547 586 3603 secreta
601 3562 620 3604 a
636 3561 771 3619 corpore
786 3549 907 3618 nostro,

160 3644 309 3724 quinque,
325 3654 364 3711 ut
381 3648 507 3727 opinor,
523 3671 593 3713 eam
609 3650 806 3713 faciundum
821 3658 869 3715 est
885 3651 1032 3737 sensibus
1048 3658 1195 3728 auctam3

159 3758 356 3821 moratione
373 3758 439 3822 alia
454 3766 579 3822 nosmet
595 3780 779 3838 proponere
794 3760 888 3823 nobis
918 3792 920 3797 v

160 3878 326 3935 possumus
343 3868 493 3931 infernas
510 3868 637 3932 animas
652 3871 844 3933 Acherunte
860 3871 987 3947 uagari.

171 3991 217 4043 617
227 3999 349 4050 omnibus

171 4059 274 4129 oroper
287 4066 359 4119 totis
391 4068 465 4129 vulp.
481 4066 594 4131 partitis
