3234 4686
527 465 557 513 Τ.
577 465 741 515 chnnrl
761 464 849 514 cnm

150 681 389 758 androgynem,
406 680 653 758 interutrasque
669 701 728 743 nec
744 685 868 755 utrum,
885 679 1053 756 utrimque
1070 684 1240 753 remotum,

134 826 135 831 κ
149 792 233 853 orba
248 791 370 867 pedum
386 790 520 868 partim,
537 811 695 853 manuum
710 789 851 852 uiduata
866 788 1021 864 uicissim,
1257 782 1308 831 840

150 907 246 963 muta
263 900 333 963 sine
344 880 405 963 ¹ore
422 899 530 976 etiam,
549 899 619 963 sine
637 900 731 962 uoltu
749 919 844 962 caeca
860 904 1003 975 reperta,

149 1009 332 1086 uinctaque
348 1010 568 1072 membrorum
585 1029 645 1087 per
662 1015 770 1071 totum
786 1028 906 1085 corpus
923 1008 1086 1083 adhaesu‚‘

149 1140 213 1182 nec
230 1119 339 1183 facere
355 1126 393 1182 ut
408 1126 541 1196 possent
557 1119 733 1196 quicquam
748 1138 808 1181 neo
824 1118 937 1180 cedere
954 1136 1118 1194 quoquam

150 1249 213 1290 nec
229 1229 338 1292 uitare
353 1229 477 1291 malum
492 1249 552 1292 neo
567 1248 694 1291 sumere
711 1227 799 1305 quod
816 1227 904 1289 foret
919 1246 1008 1288 usus.

151 1344 263 1402 cetera
278 1339 318 1402 de
332 1359 451 1416 genere
465 1339 526 1400 hoc
540 1344 688 1400 monstra
703 1356 740 1400 ac
755 1342 910 1413 portenta
926 1337 1067 1412 creabat,

108 1448 363 1525 —nequiquam
382 1447 537 1525 quoniam
553 1452 676 1509 natura
695 1445 875 1509 absterruit
893 1451 1027 1508 auctum

150 1578 213 1620 nec
230 1565 366 1636 potuere
383 1557 534 1634 cupitum
549 1556 667 1620 aetatis
681 1562 819 1632 tangere
835 1555 948 1617 florem

151 1687 213 1730 nec
231 1667 376 1745 reperire
393 1666 502 1729 cibum
518 1686 577 1729 nec
594 1665 689 1744 iungi
705 1685 765 1743 per
780 1664 920 1727 Veneris
936 1684 997 1726 res.

152 1778 261 1839 multa
276 1776 429 1840 uidemus
445 1776 531 1839 enim
548 1777 646 1839 rebus
663 1795 857 1838 concurrere
875 1775 991 1837 debere

151 1893 192 1949 ut
209 1887 427 1964 propagando
443 1885 570 1963 possint
586 1885 767 1962 procudere
784 1885 906 1960 saecla3

153 1997 279 2074 pabula
295 1996 440 2073 primum
456 2003 495 2057 ut
512 1995 589 2071 sint,
608 1994 766 2072 genitalia
783 1994 902 2057 deinde
919 2015 979 2072 per
996 1999 1089 2056 artus

152 2105 280 2168 semina
296 2126 362 2182 qua
377 2105 505 2183 possint
521 2105 675 2167 membris
690 2123 824 2166 manare
842 2103 1002 2179 remissis3

153 2214 345 2292 feminaque
360 2223 399 2277 ut
414 2215 561 2278 maribus
577 2213 733 2291 coniungi
749 2213 861 2291 possit,
878 2214 998 2276 habere

153 2332 272 2387 mutua
288 2324 345 2401 qui
359 2329 489 2387 mutent
505 2324 592 2386 inter
608 2344 640 2385 se
656 2323 779 2401 gaudia
793 2330 941 2400 uterque.

174 2434 390 2511 -Multaque
408 2440 480 2496 tum
498 2433 660 2495 interiisse
678 2433 885 2495 animantum
902 2433 1007 2495 saecla
1024 2437 1183 2494 necessest

154 2564 215 2605 nec
233 2544 378 2621 potuisse
396 2544 613 2621 propagando
631 2543 812 2621 procudere
831 2543 966 2619 prolem.

139 2654 234 2728 (narn
251 2673 474 2729 quaecumque
491 2652 585 2715 uides
600 2652 689 2715 uesci
705 2651 867 2714 uitalibus
882 2651 982 2727 auris,

155 2769 215 2824 aut
231 2762 328 2824 dolus
344 2768 402 2825 aut
419 2762 530 2824 uirtus
546 2769 604 2825 aut
620 2761 760 2838 denique
778 2761 943 2823 mobilitas
960 2768 1008 2822 est

155 2893 196 2935 ex
212 2871 347 2935 ineunte
363 2891 446 2935 aeuo
462 2892 564 2949 genus
581 2871 615 2932 id
632 2878 822 2941 tuta<ta>
844 2870 1043 2946 reseruans.)

114 2981 326 3058 *multaque
342 2987 430 3057 sunt,
447 2981 540 3043 nobis
556 3001 596 3041 ex
611 2980 758 3043 utilitate
774 3001 834 3043 sua
850 3000 933 3057 quae

156 3091 383 3153 commendata
400 3097 543 3167 manent,
562 3091 685 3153 tutelae
704 3090 830 3152 tradita
848 3095 988 3152 nostrae.

155 3199 324 3276 principio
339 3219 443 3277 genus
460 3220 533 3262 acre
550 3200 681 3262 leonum
698 3219 861 3276 saeuaque
878 3200 983 3261 saecla

157 3314 299 3371 tutatast
315 3308 434 3385 uirtus,
451 3309 565 3386 uolpes
582 3310 677 3371 dolus
693 3315 725 3372 et
741 3308 824 3385 fuga
841 3327 961 3371 cervos

157 3426 192 3481 at
209 3418 390 3481 leuisomna
408 3438 526 3481 canum
544 3418 611 3480 fido
627 3439 701 3480 oum
720 3424 851 3496 pectore
870 3419 969 3480 corda

158 3534 189 3590 et
205 3549 309 3606 genus
326 3548 419 3590 omne
436 3529 523 3604 quod
540 3534 588 3591 est
604 3527 755 3590 ueterino
771 3527 891 3590 semine
908 3532 1042 3604 partum

157 3637 389 3714 lanigeraeque
407 3637 505 3699 simul
522 3638 664 3715 pecudes
679 3644 711 3699 et
728 3638 850 3699 bucera
867 3636 972 3698 saecla

158 3747 267 3810 omnia
284 3754 363 3809 sunt
380 3746 549 3808 hominum
566 3747 689 3809 tutelae
706 3745 841 3821 tradita,
860 3744 1002 3807 Memmi.

144 3856 235 3930 (nam
254 3855 374 3933 cupide
392 3855 508 3933 fugere
527 3855 616 3917 feras
633 3875 810 3933 pacemque
828 3861 939 3917 secuta

169 3987 219 4036 839
229 3987 302 4047 vulp.
321 3987 517 4051 androgynum

168 4056 217 4104 841
229 4056 320 4105 multa

168 4123 302 4184 852vuly.
320 4120 433 4171 remissa
