3234 4686
528 470 558 519 T.
579 469 742 520 chsnrl
762 468 851 520 CARI

152 684 198 760 fit
215 704 345 761 quoque
362 690 400 746 ut
418 683 586 746 interdum
603 683 708 746 ualidi
725 683 777 746 uis
794 682 898 745 incita
913 680 1007 745 uenti

154 793 346 871 perscindat
362 794 483 856 nubem
500 792 713 871 perfringens
729 792 850 870 impete
867 799 966 855 recto.

110 923 233 965 -nam
249 902 329 980 quid
345 902 449 981 possit
466 902 512 964 ibi
529 902 627 965 flatus
643 901 822 965 manifesta
836 903 930 964 docet
946 921 1007 978 res,

153 1012 218 1087 hic,
235 1012 293 1074 ubi
307 1012 413 1075 lenior
428 1019 486 1089 est,
502 1012 537 1073 in
553 1019 644 1074 terra
659 1033 734 1074 cum
748 1019 859 1074 tamen
875 1012 942 1074 alta

155 1123 294 1184 arbusta
310 1122 466 1185 euoluens
482 1120 650 1184 radicibus
666 1120 780 1183 haurit
798 1123 838 1183 ab
855 1120 939 1182 imis.

154 1238 235 1293 sunt
252 1230 351 1293 etiam
369 1231 491 1294 fluctus
506 1251 566 1310 per
582 1230 706 1307 nubila,
725 1230 782 1308 qui
799 1229 894 1307 quasi
909 1249 1061 1292 murmur

156 1342 240 1403 dant
255 1340 290 1402 in
307 1340 495 1418 frangendo
508 1341 674 1418 grauiter;
690 1340 777 1418 quod
794 1340 872 1402 item
887 1339 925 1401 fit
941 1339 976 1400 in
991 1338 1068 1402 altis

156 1449 349 1513 fluminibus
365 1470 548 1527 magnoque
566 1449 661 1525 mari,
679 1470 753 1511 cum
771 1448 944 1527 frangitur
961 1455 1080 1511 aestus.

154 1559 202 1636 sit
218 1580 356 1637 quoque,
372 1559 430 1622 ubi
446 1582 463 1623 e
480 1559 561 1622 nubi
577 1559 612 1619 in
628 1560 749 1621 nubem
765 1559 817 1620 uis
833 1557 952 1620 incidit
968 1559 1088 1621 ardens

157 1668 327 1745 fulminis3
343 1670 423 1732 haec
439 1669 544 1731 multo
560 1668 588 1730 si
605 1667 692 1730 forte
708 1687 822 1730 umore
838 1668 962 1744 recepit

156 1779 276 1857 ignem,
296 1778 453 1841 continuo
471 1798 590 1854 magno
610 1779 749 1840 clamore
768 1777 933 1853 trucidat3

156 1895 196 1950 ut
212 1888 329 1951 calidis
344 1888 488 1950 candens
504 1887 633 1949 ferrum
650 1907 666 1949 e
684 1887 875 1949 fornacibus
892 1886 969 1949 olim
1117 1962 1120 1967 y

157 1997 280 2074 stridit,
297 1996 355 2059 ubi
371 1996 406 2058 in
422 1997 567 2075 gelidum
583 2017 723 2075 propere
740 1996 953 2059 demersimus
969 1996 1116 2059 imbrem.

158 2107 284 2169 aridior
298 2126 399 2185 porro
412 2107 440 2168 si
454 2107 558 2169 nubes
572 2106 693 2184 accipit
708 2107 827 2184 ignem,

157 2217 270 2279 uritur
286 2216 414 2294 ingenti
431 2216 541 2278 sonitu
557 2236 711 2278 succensa
728 2222 881 2293 repente;

158 2326 355 2389 lauricomos
368 2332 407 2388 ut
422 2326 449 2388 si
466 2346 525 2404 per
541 2326 661 2388 montis
678 2325 810 2387 flamma
824 2332 966 2403 uagetur

158 2435 292 2500 turbine
308 2442 485 2498 uentorum
502 2437 694 2498 comburens
711 2435 832 2512 impete
848 2454 984 2511 magno,

158 2566 218 2608 nec
232 2566 286 2608 res
299 2545 369 2608 ulla
384 2545 488 2622 magis
504 2565 602 2621 quam
618 2544 741 2607 Phoebi
756 2543 918 2621 Delphica
933 2545 1048 2606 laurus

158 2654 302 2718 terribili
318 2654 429 2717 sonitu
446 2654 576 2717 flamma
592 2655 776 2731 crepitante
793 2661 968 2716 crematur.

158 2764 300 2842 denique
317 2783 413 2842 saepe
432 2764 496 2841 geli
513 2765 638 2826 multus
655 2763 771 2841 fragor
788 2769 887 2839 atque
905 2762 1004 2825 ruina

159 2873 334 2952 grandinis
349 2873 385 2934 in
400 2872 528 2950 magnis
543 2873 687 2935 sonitum
703 2874 760 2934 dat
776 2872 919 2934 nubibus
935 2873 1010 2935 alte.

145 2985 282 3059 (uentus
299 2983 385 3044 enim
403 3003 477 3045 cum
495 2982 665 3057 conferrit,
685 2982 892 3059 franguntur
910 2982 945 3043 in
963 2990 1073 3044 artum
1104 3050 1106 3053 ,

159 3092 304 3156 concreti
321 3100 448 3155 montes
463 3092 649 3154 nimborum
666 3099 697 3154 et
716 3091 878 3169 grandine
895 3091 1017 3167 mixti.)

565 3366 615 3415 DE
636 3365 814 3415 FVLGVRE

223 3455 340 3533 Fulgit
356 3455 444 3531 item,
460 3456 563 3517 nubes
579 3455 665 3533 ignis
681 3475 755 3517 oum
771 3454 895 3516 semina
911 3455 1017 3517 multa

161 3585 330 3628 excussere
346 3584 406 3627 suo
422 3584 599 3641 concursu;
618 3585 677 3627 ceu
693 3563 838 3641 lapidem
855 3562 883 3625 si

161 3674 327 3752 percutiat
344 3673 430 3752 lapis
446 3681 505 3737 aut
523 3673 668 3750 ferrum3
693 3674 786 3749 (nam
803 3680 874 3735 tum
892 3693 1020 3750 quoque
1037 3673 1148 3735 lumen

162 3784 254 3846 exilit
270 3791 303 3847 et
319 3785 425 3846 claras
442 3782 601 3846 scintillas
618 3783 758 3860 dissipat
775 3783 893 3860 ignis).

161 3895 217 3957 sed
233 3893 396 3957 tonitrum
413 3892 450 3955 fit
467 3893 518 3955 uti
536 3900 609 3970 post
627 3891 764 3955 auribus
781 3891 990 3970 accipiamus,

173 4026 222 4074 144
232 4029 291 4075 aest
325 4025 393 4086 fort.
410 4023 523 4088 trangit
538 4023 568 4072 in
584 4027 693 4073 aestum

172 4094 222 4142 149
231 4097 349 4158 propter
383 4091 450 4152 fort.
466 4090 576 4156 pariter

656 4235 729 4286 [219]
