3234 4686
581 463 632 511 DE
649 462 782 512 RERVM
800 462 954 513 NATVBA
977 463 1018 512 VI

288 675 383 753 copia
400 677 599 740 conueniens
616 699 655 741 ex
674 678 762 740 omni
779 679 929 741 morbida
947 686 1053 757 parte.

289 786 398 849 omnia
415 787 621 864 complebant
638 788 709 851 loca
724 795 893 866 tectaque;
910 808 976 865 qno
990 788 1095 865 magis
1111 794 1203 851 aestu

289 896 455 959 confertos
473 897 520 959 ita
539 898 719 960 aceruatim
737 918 823 960 mors
842 899 1079 961 accumulabat.

246 1007 394 1069 Η11111111
411 1006 467 1068 siti
485 1013 653 1085 prostrata
670 1007 759 1070 uiam
777 1028 837 1085 per
856 1028 980 1085 proque
997 1008 1113 1071 uoluta

289 1137 428 1195 corpora
445 1116 566 1179 silanos
584 1118 627 1179 ad
646 1137 807 1194 aquarum
825 1125 932 1180 strata
948 1117 1099 1180 iacebant

289 1226 470 1289 interclusa
488 1227 598 1290 anima
616 1227 718 1290 nimia
737 1229 778 1290 ab
796 1228 969 1290 dulcedine
988 1248 1159 1305 aquarum,

289 1336 459 1414 multaque
476 1357 536 1414 per
552 1337 668 1415 populi
687 1337 808 1414 passim
826 1338 897 1400 loca
915 1344 1070 1414 prompta
1086 1337 1223 1413 uiasque

290 1446 450 1523 languida
466 1447 644 1508 semanimo
660 1468 734 1509 cnm
752 1467 888 1524 corpore
905 1449 1050 1509 membra
1067 1447 1199 1509 uideres

289 1556 425 1619 horrida
443 1557 585 1633 paedore
603 1565 634 1619 et
653 1557 773 1634 pannis
791 1564 944 1634 cooperta
962 1556 1071 1634 perire

290 1666 437 1743 corporis
452 1665 588 1742 inluuie,
605 1667 684 1743 pelli
700 1687 800 1743 super
815 1666 940 1729 ossibus
954 1687 1031 1742 una,

290 1776 456 1838 ulceribus
471 1776 588 1838 taetris
604 1797 706 1854 prope
723 1777 788 1839 iam
804 1777 963 1854 sordeque
978 1777 1118 1858 sepulta.

248 1885 400 1948 -omnia
418 1885 558 1963 denique
576 1893 690 1948 sancta
707 1887 805 1948 deum
823 1887 961 1949 delubra
978 1888 1123 1963 replerat

290 1995 483 2072 corporibus
502 2016 589 2058 mors
608 1997 767 2058 exanimis
787 2005 987 2074 onerataque
1007 1996 1128 2074 passim

290 2113 409 2168 cuncta
428 2106 645 2168 cadaueribus
665 2107 840 2168 caelestum
860 2107 985 2183 templa
1003 2107 1189 2182 manebant,

289 2216 476 2292 hospitibus
492 2216 562 2278 loca
580 2237 663 2292 quae
682 2217 886 2293 complerant
904 2215 1118 2278 aedituentes.

291 2345 349 2387 aec
367 2325 432 2387 iam
450 2325 566 2402 religio
584 2326 696 2387 diuom
714 2347 773 2388 nec
791 2326 928 2388 numina
946 2326 1058 2403 magni

291 2436 522 2513 pendebantur
541 2436 627 2499 enim
646 2457 801 2513 praesens
820 2436 912 2498 dolor
931 2437 1159 2513 exsuperabat.

248 2566 350 2608 —aec
367 2566 435 2608 mos
452 2546 506 2607 ille
522 2547 713 2623 sepulturae
730 2547 919 2608 remanebat
937 2546 972 2606 in
988 2547 1079 2622 urbe,

291 2674 357 2733 quo
374 2656 468 2732 prins
485 2656 538 2718 hic
557 2657 701 2732 populus
718 2676 846 2733 semper
864 2663 1037 2718 consuerat
1054 2654 1202 2731 humari3

291 2767 507 2857 perturbatus
523 2765 610 2827 enim
627 2773 717 2828 totus
734 2766 934 2843 trepidabat,
952 2773 984 2828 et
1001 2786 1088 2828 unus

292 2876 429 2953 quisque
449 2897 544 2937 suum
564 2896 626 2953 pro
644 2883 919 2946 re<semotum>
944 2884 1087 2938 maestus
1106 2876 1273 2937 humabat.

248 2986 459 3061 —multaque
482 2995 607 3056 <res>
629 2985 739 3047 subita
756 2993 788 3047 et
806 2992 986 3062 paupertas
1002 2985 1138 3047 horrida
1156 2983 1276 3060 suasit;

268 3117 275 3133 ·
291 3114 431 3170 namque
450 3114 524 3156 suos
543 3095 800 3172 consanguineos
820 3095 928 3157 aliena
946 3114 1100 3172 rogorum

291 3204 427 3280 insuper
447 3210 598 3267 extructa
618 3205 745 3282 ingenti
765 3206 905 3267 clamore
925 3204 1076 3266 locabant

291 3315 539 3391 subdebantque
558 3313 657 3390 faces,
674 3315 780 3376 multo
797 3335 871 3376 cum
889 3313 1049 3390 sanguine
1067 3333 1163 3390 saepe

292 3423 438 3486 rixantes
458 3423 685 3502 potiusquam
705 3444 842 3501 corpora
862 3424 1091 3486 desererentur

286 3555 353 3605 1262
364 3560 460 3606 aestus
494 3555 560 3617 fort.
576 3559 654 3605 artus

286 3624 354 3673 1264
364 3624 436 3685 culp.
452 3628 595 3689 protracta

286 3692 354 3741 1279
364 3692 427 3756 pius

286 3760 352 3808 1281
363 3760 413 3808 alii
427 3760 482 3808 alia

690 3912 757 3952 ΤΙΤΙ
773 3911 912 3953 LVORETI
928 3911 1005 3953 CARI

690 3980 733 4020 DE
748 3980 863 4021 RERVM
877 3978 1006 4020 NATVRA

690 4047 791 4088 LIBER
803 4048 839 4088 VI
853 4046 1005 4088 EXPLICIT

762 4114 935 4156 FELICITER

788 4232 861 4283 [258]
