3190 4682
499 428 530 476 Τ.
549 427 710 477 LVOBETI
729 426 817 478 CARI

113 641 180 717 (hic
196 642 326 705 exultat
341 641 428 705 enim
443 661 549 719 pauor
565 662 602 704 ac
617 646 732 718 metus,
747 642 827 704 haec
841 642 913 704 loca
928 640 1052 703 circum

127 750 275 813 laetitiae
291 751 454 828 mulcent;
471 750 525 813 hic
542 770 621 829 ergo
636 770 729 812 mens
744 750 996 827 animusquest.)

128 867 236 923 cetera
253 880 331 937 pars
347 860 475 924 animae
491 881 551 938 per
566 866 674 923 totum
689 859 807 923 dissita
821 880 941 938 corpus

128 977 223 1046 paret
241 976 274 1032 et
292 969 334 1032 ad
350 990 474 1032 numen
489 969 608 1032 mentis
624 989 816 1046 momenque
833 976 994 1032 mouetur.

127 1076 227 1154 idque
243 1077 307 1141 sibi
324 1079 428 1141 solum
445 1099 504 1156 per
521 1099 554 1142 se
570 1078 668 1156 sapit,
690 1078 800 1150 <id>
821 1078 884 1140 sibi
900 1079 1032 1157 gaudet,

129 1172 202 1249 cum
217 1208 325 1265 neque
340 1208 394 1251 res
408 1188 551 1251 animam
566 1208 672 1264 neque
689 1208 809 1266 corpus
824 1195 1006 1251 commouet
1020 1209 1098 1251 una.

61 1362 65 1370 ,
90 1304 160 1358 -11
175 1296 280 1373 quasi,
297 1312 371 1359 cum
385 1304 486 1375 caput
502 1304 560 1360 aut
575 1297 688 1360 oculus
702 1304 886 1374 temptante
902 1299 1012 1360 dolore

129 1405 274 1468 laeditur
290 1406 325 1467 in
339 1406 442 1483 nobis,
458 1426 525 1468 non
540 1406 627 1468 omni
643 1406 891 1469 concruciamur

130 1534 275 1592 corpore,
291 1514 338 1577 sic
352 1514 482 1578 animus
496 1535 745 1593 nonnumquam
760 1516 905 1578 laeditur
920 1516 990 1594 ipsc

130 1623 322 1700 laetitiaque
337 1624 438 1701 uiget,
454 1645 528 1686 cum
544 1631 654 1688 cetera
667 1644 745 1702 pars
761 1625 883 1689 animai

131 1751 188 1807 per
202 1734 350 1796 membra
365 1740 463 1809 atque
480 1741 573 1796 artus
587 1735 681 1797 nulla
696 1734 845 1797 nouitate
861 1735 976 1797 cietur.

131 1859 247 1903 uerum
260 1841 321 1904 ubi
334 1842 479 1905 nomenti
493 1843 599 1920 magis
613 1850 661 1906 est
676 1850 837 1906 commota
850 1849 940 1907 metu
955 1865 1055 1921 mens,

132 1949 314 2011 consentire
330 1951 474 2015 animam
488 1957 592 2014 totam
608 1972 668 2030 per
683 1955 829 2016 membra
843 1952 994 2016 uidemus

132 2058 330 2136 sudoresque
347 2059 394 2122 ita
410 2062 633 2139 palloremque
650 2062 789 2127 existere
804 2070 874 2125 toto

133 2185 265 2244 corpore
284 2175 316 2230 et
333 2168 475 2247 infringi
492 2170 640 2248 linguam
656 2191 832 2261 uocemque
850 2171 982 2249 aboriri,

134 2276 273 2354 caligare
291 2279 409 2355 oculos,
425 2299 539 2342 sonere
556 2280 655 2356 auris,
673 2281 840 2345 succidere
857 2288 959 2359 artus,

134 2383 272 2463 denique
289 2387 459 2452 concidere
476 2408 516 2450 ex
532 2389 633 2451 animi
648 2398 774 2454 terrore
790 2391 941 2454 uidemus

135 2511 227 2572 saepe
241 2496 406 2574 homines;
423 2496 521 2561 facile
536 2506 575 2561 ut
590 2499 701 2576 quiuis
715 2500 792 2563 hinc
806 2521 938 2565 noscere
954 2501 1057 2579 possit

136 2621 198 2663 esse
212 2605 357 2667 animam
373 2627 447 2669 cum
462 2607 573 2670 animo
587 2608 805 2686 coniunctam,
822 2630 905 2687 quae
921 2631 995 2673 cum
1010 2610 1111 2673 animi
1131 2610 1242 2684 <ui>

136 2721 328 2791 percussam,
344 2715 428 2778 exim
443 2736 562 2794 corpus
577 2718 733 2803 propellit
747 2727 779 2783 et
793 2719 860 2782 icit.
1237 2718 1288 2769 160

242 2994 434 3054 <NATVRA
457 2993 577 3043 ANIMI
601 2993 648 3043 ET
673 2994 828 3044 ANIMAE
853 2993 1083 3053 CORPOREA>

196 3084 288 3147 Haec
302 3083 414 3147 eadem
428 3082 516 3145 ratio
529 3088 685 3144 naturam
700 3082 802 3146 animi
817 3091 915 3160 atque
930 3083 1053 3146 animai

139 3210 324 3269 corpoream
340 3192 433 3255 docet
448 3212 532 3268 esse3
547 3191 605 3254 ubi
621 3191 708 3255 enim
723 3193 907 3270 propellere
922 3195 1076 3270 membra,

140 3301 299 3379 corripere
317 3322 357 3362 cx
373 3321 484 3364 somno
502 3321 622 3379 corpus
638 3308 831 3378 mutareque
847 3302 980 3364 uultum

141 3415 233 3487 atque
250 3410 414 3474 hominem
432 3417 539 3474 totum
557 3430 670 3488 regere
687 3430 725 3473 ac
742 3431 878 3491 uersare
891 3411 1027 3475 uidetur

128 3515 275 3594 (quorum
290 3520 339 3581 nil
352 3520 424 3582 fieri
438 3519 508 3582 sinc
522 3525 615 3582 tactu
630 3540 723 3597 posse
736 3519 888 3582 uidemus

142 3625 197 3689 nec
211 3635 337 3693 tactum
354 3649 453 3707 porro
470 3629 540 3692 sine
557 3630 724 3706 corpore),
742 3649 850 3692 nonne
868 3628 1074 3692 fatendumst

143 3754 292 3814 corporea
308 3746 431 3802 natura
448 3738 595 3801 animum
612 3745 761 3801 constare
779 3737 1007 3815 animamquel

107 3854 307 3918 —praeterea
321 3847 449 3926 pariter
465 3847 563 3926 fungi
578 3868 652 3910 cum
668 3867 803 3925 corpore
819 3853 851 3910 ct
866 3868 936 3910 una

155 3974 201 4025 146
211 3977 275 4040 fort.
290 3978 347 4030 ulla
