<?xml version="1.0" encoding="UTF-8"?>
<!DOCTYPE html PUBLIC "-//W3C//DTD XHTML 1.0 Transitional//EN"
    "http://www.w3.org/TR/xhtml1/DTD/xhtml1-transitional.dtd">
<html xmlns="http://www.w3.org/1999/xhtml" xml:lang="en" lang="en">
 <head>
  <title>
</title>
<meta http-equiv="Content-Type" content="text/html;charset=utf-8" />
  <meta name='ocr-system' content='tesseract 3.04.00' />
  <meta name='ocr-capabilities' content='ocr_page ocr_carea ocr_par ocr_line ocrx_word'/>
</head>
<body>
  <div class='ocr_page' id='page_1' title='image "./lvcretiderervmn00merrgoog_0040.png"; bbox 0 0 3234 4684; ppageno 0'>
   <div class='ocr_carea' id='block_1_1' title="bbox 483 463 894 513">
    <p class='ocr_par' dir='ltr' id='par_1_1' title="bbox 483 463 894 513">
     <span class='ocr_line' id='line_1_1' title="bbox 483 463 894 513; baseline 0 -1"><span class='ocrx_word' id='word_1_1' title='bbox 483 464 535 513; x_wconf 78' lang='lat' dir='ltr'>DE</span> <span class='ocrx_word' id='word_1_2' title='bbox 553 463 685 513; x_wconf 80' lang='lat' dir='ltr'><strong><em>RERVM</em></strong></span> <span class='ocrx_word' id='word_1_3' title='bbox 702 463 857 512; x_wconf 71' lang='lat' dir='ltr'><strong><em>NATVRA</em></strong></span> <span class='ocrx_word' id='word_1_4' title='bbox 877 463 894 512; x_wconf 92' lang='lat'><em>1</em></span> 
     </span>
    </p>
   </div>
   <div class='ocr_carea' id='block_1_2' title="bbox 120 676 1129 3824">
    <p class='ocr_par' dir='ltr' id='par_1_2' title="bbox 120 676 1129 3824">
     <span class='ocr_line' id='line_1_2' title="bbox 172 676 946 755; baseline -0.001 -15"><span class='ocrx_word' id='word_1_5' title='bbox 172 698 273 755; x_wconf 88' lang='lat' dir='ltr'>quam</span> <span class='ocrx_word' id='word_1_6' title='bbox 291 685 406 741; x_wconf 92' lang='lat' dir='ltr'>contra</span> <span class='ocrx_word' id='word_1_7' title='bbox 423 697 475 740; x_wconf 84' lang='lat' dir='ltr'>res</span> <span class='ocrx_word' id='word_1_8' title='bbox 492 678 624 741; x_wconf 91' lang='lat' dir='ltr'>illorum</span> <span class='ocrx_word' id='word_1_9' title='bbox 640 685 793 755; x_wconf 88' lang='lat' dir='ltr'>retroque</span> <span class='ocrx_word' id='word_1_10' title='bbox 811 676 946 755; x_wconf 78' lang='lat' dir='ltr'>putarit</span> 
     </span>
     <span class='ocr_line' id='line_1_3' title="bbox 122 787 990 865; baseline -0.005 -15"><span class='ocrx_word' id='word_1_11' title='bbox 122 788 311 851; x_wconf 84' lang='lat' dir='ltr'>—alternis</span> <span class='ocrx_word' id='word_1_12' title='bbox 329 788 515 865; x_wconf 88' lang='lat' dir='ltr'>gignuntur</span> <span class='ocrx_word' id='word_1_13' title='bbox 533 787 619 851; x_wconf 86' lang='lat' dir='ltr'>enim</span> <span class='ocrx_word' id='word_1_14' title='bbox 636 794 832 864; x_wconf 84' lang='lat' dir='ltr'>mutantque</span> <span class='ocrx_word' id='word_1_15' title='bbox 851 787 990 849; x_wconf 89' lang='lat' dir='ltr'>colorem</span> 
     </span>
     <span class='ocr_line' id='line_1_4' title="bbox 173 894 988 973; baseline -0.004 -14"><span class='ocrx_word' id='word_1_16' title='bbox 173 904 206 960; x_wconf 90' lang='lat' dir='ltr'>et</span> <span class='ocrx_word' id='word_1_17' title='bbox 222 904 326 960; x_wconf 90' lang='lat' dir='ltr'>totam</span> <span class='ocrx_word' id='word_1_18' title='bbox 343 898 431 959; x_wconf 91' lang='lat' dir='ltr'>inter</span> <span class='ocrx_word' id='word_1_19' title='bbox 447 918 480 960; x_wconf 85' lang='lat' dir='ltr'>se</span> <span class='ocrx_word' id='word_1_20' title='bbox 496 904 652 960; x_wconf 91' lang='lat' dir='ltr'>naturam</span> <span class='ocrx_word' id='word_1_21' title='bbox 667 902 815 973; x_wconf 86' lang='lat' dir='ltr'>tempore</span> <span class='ocrx_word' id='word_1_22' title='bbox 832 897 873 958; x_wconf 92' lang='lat' dir='ltr'>ab</span> <span class='ocrx_word' id='word_1_23' title='bbox 891 894 988 958; x_wconf 84' lang='lat' dir='ltr'>omni.</span> 
     </span>
     <span class='ocr_line' id='line_1_5' title="bbox 156 1003 1128 1084; baseline -0.002 -17"><span class='ocrx_word' id='word_1_24' title='bbox 156 1006 318 1084; x_wconf 82' lang='lat' dir='ltr'><strong>[fulmina</strong></span> <span class='ocrx_word' id='word_1_25' title='bbox 335 1006 497 1084; x_wconf 85' lang='lat' dir='ltr'>diffugere</span> <span class='ocrx_word' id='word_1_26' title='bbox 514 1013 612 1083; x_wconf 89' lang='lat' dir='ltr'>atque</span> <span class='ocrx_word' id='word_1_27' title='bbox 629 1006 750 1067; x_wconf 87' lang='lat' dir='ltr'>imbres</span> <span class='ocrx_word' id='word_1_28' title='bbox 766 1012 946 1081; x_wconf 86' lang='lat' dir='ltr'>uentosque</span> <span class='ocrx_word' id='word_1_29' title='bbox 963 1003 1128 1082; x_wconf 86' lang='lat' dir='ltr'>uidemus]</span> 
     </span>
     <span class='ocr_line' id='line_1_6' title="bbox 174 1115 899 1194; baseline -0.004 -16"><span class='ocrx_word' id='word_1_30' title='bbox 174 1117 228 1178; x_wconf 80' lang='lat' dir='ltr'>sin</span> <span class='ocrx_word' id='word_1_31' title='bbox 243 1116 290 1179; x_wconf 88' lang='lat' dir='ltr'>ita</span> <span class='ocrx_word' id='word_1_32' title='bbox 305 1115 393 1179; x_wconf 84' lang='lat' dir='ltr'>forte</span> <span class='ocrx_word' id='word_1_33' title='bbox 408 1123 507 1194; x_wconf 87' lang='lat' dir='ltr'>putas</span> <span class='ocrx_word' id='word_1_34' title='bbox 522 1115 609 1193; x_wconf 86' lang='lat' dir='ltr'>ignis</span> <span class='ocrx_word' id='word_1_35' title='bbox 624 1122 796 1191; x_wconf 84' lang='lat' dir='ltr'>terraeque</span> <span class='ocrx_word' id='word_1_36' title='bbox 813 1115 899 1177; x_wconf 87' lang='lat' dir='ltr'>coire</span> 
     </span>
     <span class='ocr_line' id='line_1_7' title="bbox 174 1223 936 1303; baseline -0.004 -15"><span class='ocrx_word' id='word_1_37' title='bbox 174 1246 295 1303; x_wconf 89' lang='lat' dir='ltr'>corpus</span> <span class='ocrx_word' id='word_1_38' title='bbox 312 1233 344 1289; x_wconf 87' lang='lat' dir='ltr'>et</span> <span class='ocrx_word' id='word_1_39' title='bbox 361 1226 468 1288; x_wconf 89' lang='lat' dir='ltr'>aerias</span> <span class='ocrx_word' id='word_1_40' title='bbox 484 1246 584 1288; x_wconf 89' lang='lat' dir='ltr'>auras</span> <span class='ocrx_word' id='word_1_41' title='bbox 599 1244 771 1301; x_wconf 90' lang='lat' dir='ltr'>roremque</span> <span class='ocrx_word' id='word_1_42' title='bbox 788 1223 936 1300; x_wconf 86' lang='lat' dir='ltr'>liquoris,</span> 
     </span>
     <span class='ocr_line' id='line_1_8' title="bbox 173 1334 910 1409; baseline -0.003 -13"><span class='ocrx_word' id='word_1_43' title='bbox 173 1335 224 1396; x_wconf 94' lang='lat' dir='ltr'>nil</span> <span class='ocrx_word' id='word_1_44' title='bbox 239 1334 274 1396; x_wconf 94' lang='lat' dir='ltr'>in</span> <span class='ocrx_word' id='word_1_45' title='bbox 290 1335 428 1397; x_wconf 88' lang='lat' dir='ltr'>concilio</span> <span class='ocrx_word' id='word_1_46' title='bbox 442 1341 597 1397; x_wconf 88' lang='lat' dir='ltr'>naturam</span> <span class='ocrx_word' id='word_1_47' title='bbox 612 1341 651 1396; x_wconf 97' lang='lat' dir='ltr'>ut</span> <span class='ocrx_word' id='word_1_48' title='bbox 666 1340 773 1396; x_wconf 88' lang='lat' dir='ltr'>mutet</span> <span class='ocrx_word' id='word_1_49' title='bbox 788 1352 910 1409; x_wconf 89' lang='lat' dir='ltr'>eorum,</span> 
     </span>
     <span class='ocr_line' id='line_1_9' title="bbox 173 1443 909 1522; baseline -0.001 -16"><span class='ocrx_word' id='word_1_50' title='bbox 173 1446 269 1508; x_wconf 89' lang='lat' dir='ltr'>nulla</span> <span class='ocrx_word' id='word_1_51' title='bbox 284 1444 346 1507; x_wconf 91' lang='lat' dir='ltr'>tibi</span> <span class='ocrx_word' id='word_1_52' title='bbox 362 1466 401 1507; x_wconf 86' lang='lat' dir='ltr'>ex</span> <span class='ocrx_word' id='word_1_53' title='bbox 417 1444 483 1505; x_wconf 89' lang='lat' dir='ltr'>illis</span> <span class='ocrx_word' id='word_1_54' title='bbox 498 1443 621 1522; x_wconf 90' lang='lat' dir='ltr'>poterit</span> <span class='ocrx_word' id='word_1_55' title='bbox 637 1463 690 1506; x_wconf 89' lang='lat' dir='ltr'>res</span> <span class='ocrx_word' id='word_1_56' title='bbox 706 1464 773 1507; x_wconf 85' lang='lat' dir='ltr'>esse</span> <span class='ocrx_word' id='word_1_57' title='bbox 788 1449 909 1519; x_wconf 88' lang='lat' dir='ltr'>creata,</span> 
     </span>
     <span class='ocr_line' id='line_1_10' title="bbox 174 1553 1096 1630; baseline -0.001 -15"><span class='ocrx_word' id='word_1_58' title='bbox 174 1575 243 1617; x_wconf 91' lang='lat' dir='ltr'>non</span> <span class='ocrx_word' id='word_1_59' title='bbox 259 1554 418 1630; x_wconf 89' lang='lat' dir='ltr'>animans,</span> <span class='ocrx_word' id='word_1_60' title='bbox 435 1573 502 1616; x_wconf 92' lang='lat' dir='ltr'>non</span> <span class='ocrx_word' id='word_1_61' title='bbox 517 1553 669 1616; x_wconf 88' lang='lat' dir='ltr'>exanimo</span> <span class='ocrx_word' id='word_1_62' title='bbox 683 1574 758 1615; x_wconf 89' lang='lat' dir='ltr'>cum</span> <span class='ocrx_word' id='word_1_63' title='bbox 774 1572 919 1630; x_wconf 89' lang='lat' dir='ltr'>corpore,</span> <span class='ocrx_word' id='word_1_64' title='bbox 936 1559 975 1614; x_wconf 93' lang='lat' dir='ltr'>ut</span> <span class='ocrx_word' id='word_1_65' title='bbox 992 1553 1096 1615; x_wconf 85' lang='lat' dir='ltr'>arbos.</span> 
     </span>
     <span class='ocr_line' id='line_1_11' title="bbox 156 1661 1071 1740; baseline -0.003 -15"><span class='ocrx_word' id='word_1_66' title='bbox 156 1663 300 1740; x_wconf 91' lang='lat' dir='ltr'>(quippe</span> <span class='ocrx_word' id='word_1_67' title='bbox 317 1683 410 1725; x_wconf 85' lang='lat' dir='ltr'>suam</span> <span class='ocrx_word' id='word_1_68' title='bbox 427 1663 566 1740; x_wconf 82' lang='lat' dir='ltr'>quicque</span> <span class='ocrx_word' id='word_1_69' title='bbox 583 1662 618 1723; x_wconf 92' lang='lat' dir='ltr'>in</span> <span class='ocrx_word' id='word_1_70' title='bbox 635 1670 763 1725; x_wconf 89' lang='lat' dir='ltr'>coetum</span> <span class='ocrx_word' id='word_1_71' title='bbox 778 1661 944 1724; x_wconf 90' lang='lat' dir='ltr'>uariantis</span> <span class='ocrx_word' id='word_1_72' title='bbox 960 1661 1071 1724; x_wconf 89' lang='lat' dir='ltr'>acerui</span> 
     </span>
     <span class='ocr_line' id='line_1_12' title="bbox 174 1771 956 1849; baseline -0.003 -16"><span class='ocrx_word' id='word_1_73' title='bbox 174 1779 331 1835; x_wconf 91' lang='lat' dir='ltr'>naturam</span> <span class='ocrx_word' id='word_1_74' title='bbox 349 1772 492 1834; x_wconf 80' lang='lat' dir='ltr'>ostendit</span> <span class='ocrx_word' id='word_1_75' title='bbox 509 1772 696 1849; x_wconf 82' lang='lat' dir='ltr'>mixtusque</span> <span class='ocrx_word' id='word_1_76' title='bbox 712 1771 883 1834; x_wconf 89' lang='lat' dir='ltr'>uidebitur</span> <span class='ocrx_word' id='word_1_77' title='bbox 900 1790 956 1833; x_wconf 92' lang='lat' dir='ltr'>aer</span> 
     </span>
     <span class='ocr_line' id='line_1_13' title="bbox 174 1882 1043 1959; baseline -0.003 -14"><span class='ocrx_word' id='word_1_78' title='bbox 174 1903 250 1945; x_wconf 91' lang='lat' dir='ltr'>cum</span> <span class='ocrx_word' id='word_1_79' title='bbox 267 1889 357 1945; x_wconf 89' lang='lat' dir='ltr'>terra</span> <span class='ocrx_word' id='word_1_80' title='bbox 374 1882 587 1959; x_wconf 89' lang='lat' dir='ltr'>simulatque</span> <span class='ocrx_word' id='word_1_81' title='bbox 605 1883 704 1945; x_wconf 92' lang='lat' dir='ltr'>ardor</span> <span class='ocrx_word' id='word_1_82' title='bbox 721 1902 796 1944; x_wconf 89' lang='lat' dir='ltr'>cum</span> <span class='ocrx_word' id='word_1_83' title='bbox 811 1900 884 1943; x_wconf 92' lang='lat' dir='ltr'>rore</span> <span class='ocrx_word' id='word_1_84' title='bbox 901 1901 1043 1943; x_wconf 87' lang='lat' dir='ltr'>manere.</span> 
     </span>
     <span class='ocr_line' id='line_1_14' title="bbox 174 1991 912 2069; baseline -0.004 -15"><span class='ocrx_word' id='word_1_85' title='bbox 174 1999 210 2054; x_wconf 86' lang='lat' dir='ltr'>ot</span> <span class='ocrx_word' id='word_1_86' title='bbox 227 1991 411 2068; x_wconf 91' lang='lat' dir='ltr'>primordia</span> <span class='ocrx_word' id='word_1_87' title='bbox 424 1991 604 2069; x_wconf 82' lang='lat' dir='ltr'>gignundis</span> <span class='ocrx_word' id='word_1_88' title='bbox 619 1991 654 2052; x_wconf 92' lang='lat' dir='ltr'>in</span> <span class='ocrx_word' id='word_1_89' title='bbox 671 1993 769 2053; x_wconf 86' lang='lat' dir='ltr'>rebus</span> <span class='ocrx_word' id='word_1_90' title='bbox 783 1997 912 2068; x_wconf 87' lang='lat' dir='ltr'>oportet</span> 
     </span>
     <span class='ocr_line' id='line_1_15' title="bbox 174 2099 990 2178; baseline -0.001 -15"><span class='ocrx_word' id='word_1_91' title='bbox 174 2108 331 2164; x_wconf 91' lang='lat' dir='ltr'>naturam</span> <span class='ocrx_word' id='word_1_92' title='bbox 353 2102 591 2164; x_wconf 79' lang='lat' dir='ltr'>clandestinam</span> <span class='ocrx_word' id='word_1_93' title='bbox 611 2122 804 2178; x_wconf 90' lang='lat' dir='ltr'>caecamque</span> <span class='ocrx_word' id='word_1_94' title='bbox 826 2099 990 2176; x_wconf 88' lang='lat' dir='ltr'>adhibere,</span> 
     </span>
     <span class='ocr_line' id='line_1_16' title="bbox 175 2211 997 2288; baseline 0 -16"><span class='ocrx_word' id='word_1_95' title='bbox 175 2211 318 2274; x_wconf 84' lang='lat' dir='ltr'>emineat</span> <span class='ocrx_word' id='word_1_96' title='bbox 334 2211 450 2288; x_wconf 89' lang='lat' dir='ltr'>nequit</span> <span class='ocrx_word' id='word_1_97' title='bbox 466 2211 553 2288; x_wconf 94' lang='lat' dir='ltr'>quod</span> <span class='ocrx_word' id='word_1_98' title='bbox 569 2217 686 2273; x_wconf 90' lang='lat' dir='ltr'>contra</span> <span class='ocrx_word' id='word_1_99' title='bbox 701 2218 827 2288; x_wconf 83' lang='lat' dir='ltr'>pugnet</span> <span class='ocrx_word' id='word_1_100' title='bbox 844 2217 875 2272; x_wconf 88' lang='lat' dir='ltr'>et</span> <span class='ocrx_word' id='word_1_101' title='bbox 892 2211 997 2272; x_wconf 90' lang='lat' dir='ltr'>obstet</span> 
     </span>
     <span class='ocr_line' id='line_1_17' title="bbox 120 2319 1129 2398; baseline -0.003 -15"><span class='ocrx_word' id='word_1_102' title='bbox 120 2361 123 2365; x_wconf 81' lang='lat'><strong>.</strong></span> <span class='ocrx_word' id='word_1_103' title='bbox 146 2328 148 2332; x_wconf 72' lang='lat'>‘</span> <span class='ocrx_word' id='word_1_104' title='bbox 175 2321 352 2398; x_wconf 89' lang='lat' dir='ltr'>quominus</span> <span class='ocrx_word' id='word_1_105' title='bbox 370 2341 437 2384; x_wconf 87' lang='lat' dir='ltr'>csse</span> <span class='ocrx_word' id='word_1_106' title='bbox 455 2328 555 2398; x_wconf 89' lang='lat' dir='ltr'>queat</span> <span class='ocrx_word' id='word_1_107' title='bbox 572 2320 706 2398; x_wconf 88' lang='lat' dir='ltr'>proprie</span> <span class='ocrx_word' id='word_1_108' title='bbox 725 2321 952 2397; x_wconf 87' lang='lat' dir='ltr'>quodcumque</span> <span class='ocrx_word' id='word_1_109' title='bbox 970 2319 1129 2395; x_wconf 80' lang='lat' dir='ltr'>creatur.)</span> 
     </span>
     <span class='ocr_line' id='line_1_18' title="bbox 196 2429 1114 2509; baseline -0.003 -16"><span class='ocrx_word' id='word_1_110' title='bbox 196 2431 330 2509; x_wconf 83' lang='lat' dir='ltr'>—Quin</span> <span class='ocrx_word' id='word_1_111' title='bbox 347 2430 446 2494; x_wconf 84' lang='lat' dir='ltr'>etiam</span> <span class='ocrx_word' id='word_1_112' title='bbox 462 2437 618 2508; x_wconf 85' lang='lat' dir='ltr'>repetunt</span> <span class='ocrx_word' id='word_1_113' title='bbox 637 2451 656 2493; x_wconf 93' lang='lat' dir='ltr'>a</span> <span class='ocrx_word' id='word_1_114' title='bbox 673 2431 763 2493; x_wconf 90' lang='lat' dir='ltr'>caelo</span> <span class='ocrx_word' id='word_1_115' title='bbox 779 2437 878 2506; x_wconf 86' lang='lat' dir='ltr'>atque</span> <span class='ocrx_word' id='word_1_116' title='bbox 895 2429 1027 2507; x_wconf 85' lang='lat' dir='ltr'>ignibus</span> <span class='ocrx_word' id='word_1_117' title='bbox 1045 2429 1114 2492; x_wconf 91' lang='lat' dir='ltr'>eius</span> 
     </span>
     <span class='ocr_line' id='line_1_19' title="bbox 176 2539 1000 2619; baseline -0.005 -16"><span class='ocrx_word' id='word_1_118' title='bbox 176 2548 209 2603; x_wconf 91' lang='lat' dir='ltr'>et</span> <span class='ocrx_word' id='word_1_119' title='bbox 224 2541 369 2619; x_wconf 90' lang='lat' dir='ltr'>primum</span> <span class='ocrx_word' id='word_1_120' title='bbox 385 2540 516 2603; x_wconf 79' lang='lat' dir='ltr'>faciunt</span> <span class='ocrx_word' id='word_1_121' title='bbox 531 2539 640 2616; x_wconf 91' lang='lat' dir='ltr'>ignem</span> <span class='ocrx_word' id='word_1_122' title='bbox 655 2561 688 2603; x_wconf 91' lang='lat' dir='ltr'>se</span> <span class='ocrx_word' id='word_1_123' title='bbox 703 2547 833 2602; x_wconf 83' lang='lat' dir='ltr'>uertere</span> <span class='ocrx_word' id='word_1_124' title='bbox 849 2539 884 2599; x_wconf 91' lang='lat' dir='ltr'>in</span> <span class='ocrx_word' id='word_1_125' title='bbox 900 2559 1000 2602; x_wconf 89' lang='lat' dir='ltr'>auras</span> 
     </span>
     <span class='ocr_line' id='line_1_20' title="bbox 176 2648 930 2727; baseline -0.007 -14"><span class='ocrx_word' id='word_1_126' title='bbox 176 2650 272 2727; x_wconf 86' lang='lat' dir='ltr'>aeris,</span> <span class='ocrx_word' id='word_1_127' title='bbox 289 2650 366 2713; x_wconf 92' lang='lat' dir='ltr'>hinc</span> <span class='ocrx_word' id='word_1_128' title='bbox 383 2650 492 2727; x_wconf 87' lang='lat' dir='ltr'>ignem</span> <span class='ocrx_word' id='word_1_129' title='bbox 509 2649 601 2727; x_wconf 86' lang='lat' dir='ltr'>gigni</span> <span class='ocrx_word' id='word_1_130' title='bbox 618 2656 806 2726; x_wconf 90' lang='lat' dir='ltr'>terramque</span> <span class='ocrx_word' id='word_1_131' title='bbox 824 2648 930 2711; x_wconf 87' lang='lat' dir='ltr'>creari</span> 
     </span>
     <span class='ocr_line' id='line_1_21' title="bbox 177 2758 955 2837; baseline -0.005 -15"><span class='ocrx_word' id='word_1_132' title='bbox 177 2781 218 2822; x_wconf 86' lang='lat' dir='ltr'>ex</span> <span class='ocrx_word' id='word_1_133' title='bbox 234 2760 304 2837; x_wconf 92' lang='lat' dir='ltr'>igni</span> <span class='ocrx_word' id='word_1_134' title='bbox 319 2766 472 2836; x_wconf 89' lang='lat' dir='ltr'>retroque</span> <span class='ocrx_word' id='word_1_135' title='bbox 488 2759 523 2820; x_wconf 94' lang='lat' dir='ltr'>in</span> <span class='ocrx_word' id='word_1_136' title='bbox 539 2766 663 2821; x_wconf 89' lang='lat' dir='ltr'>terram</span> <span class='ocrx_word' id='word_1_137' title='bbox 678 2766 797 2822; x_wconf 88' lang='lat' dir='ltr'>cuncta</span> <span class='ocrx_word' id='word_1_138' title='bbox 813 2758 955 2834; x_wconf 88' lang='lat' dir='ltr'>reuerti;</span> 
     </span>
     <span class='ocr_line' id='line_1_22' title="bbox 177 2868 1003 2946; baseline -0.004 -16"><span class='ocrx_word' id='word_1_139' title='bbox 177 2888 325 2930; x_wconf 91' lang='lat' dir='ltr'>umorem</span> <span class='ocrx_word' id='word_1_140' title='bbox 342 2868 496 2945; x_wconf 90' lang='lat' dir='ltr'>primum,</span> <span class='ocrx_word' id='word_1_141' title='bbox 514 2874 588 2946; x_wconf 87' lang='lat' dir='ltr'>post</span> <span class='ocrx_word' id='word_1_142' title='bbox 605 2887 690 2943; x_wconf 89' lang='lat' dir='ltr'>aera,</span> <span class='ocrx_word' id='word_1_143' title='bbox 710 2868 829 2930; x_wconf 88' lang='lat' dir='ltr'>deinde</span> <span class='ocrx_word' id='word_1_144' title='bbox 846 2868 1003 2944; x_wconf 88' lang='lat' dir='ltr'>calorem;</span> 
     </span>
     <span class='ocr_line' id='line_1_23' title="bbox 178 2977 910 3053; baseline -0.001 -13"><span class='ocrx_word' id='word_1_145' title='bbox 178 2999 238 3041; x_wconf 89' lang='lat' dir='ltr'>nec</span> <span class='ocrx_word' id='word_1_146' title='bbox 255 2998 380 3041; x_wconf 88' lang='lat' dir='ltr'>cessare</span> <span class='ocrx_word' id='word_1_147' title='bbox 395 2977 475 3041; x_wconf 89' lang='lat' dir='ltr'>haec</span> <span class='ocrx_word' id='word_1_148' title='bbox 492 2978 580 3041; x_wconf 91' lang='lat' dir='ltr'>inter</span> <span class='ocrx_word' id='word_1_149' title='bbox 596 2998 629 3041; x_wconf 90' lang='lat' dir='ltr'>se</span> <span class='ocrx_word' id='word_1_150' title='bbox 645 2985 785 3053; x_wconf 85' lang='lat' dir='ltr'>mutare,</span> <span class='ocrx_word' id='word_1_151' title='bbox 802 2998 910 3039; x_wconf 86' lang='lat' dir='ltr'>meare</span> 
     </span>
     <span class='ocr_line' id='line_1_24' title="bbox 178 3086 1000 3164; baseline -0.005 -13"><span class='ocrx_word' id='word_1_152' title='bbox 178 3109 198 3151; x_wconf 91' lang='lat' dir='ltr'>a</span> <span class='ocrx_word' id='word_1_153' title='bbox 214 3089 305 3150; x_wconf 91' lang='lat' dir='ltr'>caelo</span> <span class='ocrx_word' id='word_1_154' title='bbox 320 3088 361 3150; x_wconf 93' lang='lat' dir='ltr'>ad</span> <span class='ocrx_word' id='word_1_155' title='bbox 377 3095 510 3164; x_wconf 88' lang='lat' dir='ltr'>terram,</span> <span class='ocrx_word' id='word_1_156' title='bbox 528 3089 568 3150; x_wconf 91' lang='lat' dir='ltr'>de</span> <span class='ocrx_word' id='word_1_157' title='bbox 583 3094 675 3150; x_wconf 90' lang='lat' dir='ltr'>terra</span> <span class='ocrx_word' id='word_1_158' title='bbox 691 3088 734 3149; x_wconf 92' lang='lat' dir='ltr'>ad</span> <span class='ocrx_word' id='word_1_159' title='bbox 749 3086 858 3149; x_wconf 89' lang='lat' dir='ltr'>sidera</span> <span class='ocrx_word' id='word_1_160' title='bbox 873 3086 1000 3148; x_wconf 88' lang='lat' dir='ltr'>mundi.</span> 
     </span>
     <span class='ocr_line' id='line_1_25' title="bbox 179 3195 1046 3276; baseline -0.003 -17"><span class='ocrx_word' id='word_1_161' title='bbox 179 3198 267 3276; x_wconf 89' lang='lat' dir='ltr'>quod</span> <span class='ocrx_word' id='word_1_162' title='bbox 284 3197 393 3260; x_wconf 83' lang='lat' dir='ltr'>facere</span> <span class='ocrx_word' id='word_1_163' title='bbox 408 3198 499 3260; x_wconf 93' lang='lat' dir='ltr'>haud</span> <span class='ocrx_word' id='word_1_164' title='bbox 513 3198 583 3259; x_wconf 93' lang='lat' dir='ltr'>ullo</span> <span class='ocrx_word' id='word_1_165' title='bbox 597 3198 717 3259; x_wconf 89' lang='lat' dir='ltr'>debent</span> <span class='ocrx_word' id='word_1_166' title='bbox 733 3195 916 3274; x_wconf 90' lang='lat' dir='ltr'>primordia</span> <span class='ocrx_word' id='word_1_167' title='bbox 932 3202 1046 3272; x_wconf 89' lang='lat' dir='ltr'>pacto;</span> 
     </span>
     <span class='ocr_line' id='line_1_26' title="bbox 178 3306 1015 3384; baseline -0.002 -16"><span class='ocrx_word' id='word_1_168' title='bbox 178 3307 382 3369; x_wconf 89' lang='lat' dir='ltr'>immutabile</span> <span class='ocrx_word' id='word_1_169' title='bbox 398 3307 485 3368; x_wconf 92' lang='lat' dir='ltr'>enim</span> <span class='ocrx_word' id='word_1_170' title='bbox 500 3306 659 3384; x_wconf 93' lang='lat' dir='ltr'>quiddam</span> <span class='ocrx_word' id='word_1_171' title='bbox 674 3326 831 3384; x_wconf 87' lang='lat' dir='ltr'>superare</span> <span class='ocrx_word' id='word_1_172' title='bbox 846 3312 1015 3380; x_wconf 78' lang='lat' dir='ltr'>necessest,</span> 
     </span>
     <span class='ocr_line' id='line_1_27' title="bbox 179 3415 1027 3494; baseline -0.002 -16"><span class='ocrx_word' id='word_1_173' title='bbox 179 3438 220 3480; x_wconf 91' lang='lat' dir='ltr'>ne</span> <span class='ocrx_word' id='word_1_174' title='bbox 236 3437 289 3480; x_wconf 88' lang='lat' dir='ltr'>res</span> <span class='ocrx_word' id='word_1_175' title='bbox 305 3417 347 3479; x_wconf 93' lang='lat' dir='ltr'>ad</span> <span class='ocrx_word' id='word_1_176' title='bbox 364 3416 505 3479; x_wconf 91' lang='lat' dir='ltr'>nihilum</span> <span class='ocrx_word' id='word_1_177' title='bbox 521 3416 718 3494; x_wconf 85' lang='lat' dir='ltr'>redigantur</span> <span class='ocrx_word' id='word_1_178' title='bbox 735 3415 891 3477; x_wconf 82' lang='lat' dir='ltr'>funditus</span> <span class='ocrx_word' id='word_1_179' title='bbox 908 3434 1027 3476; x_wconf 81' lang='lat' dir='ltr'>omnes,</span> 
     </span>
     <span class='ocr_line' id='line_1_28' title="bbox 164 3523 996 3603; baseline -0.002 -15"><span class='ocrx_word' id='word_1_180' title='bbox 164 3528 257 3603; x_wconf 83' lang='lat' dir='ltr'>(nam</span> <span class='ocrx_word' id='word_1_181' title='bbox 273 3527 501 3603; x_wconf 91' lang='lat' dir='ltr'>quodcumque</span> <span class='ocrx_word' id='word_1_182' title='bbox 517 3526 586 3588; x_wconf 85' lang='lat' dir='ltr'>suis</span> <span class='ocrx_word' id='word_1_183' title='bbox 600 3532 766 3587; x_wconf 90' lang='lat' dir='ltr'>mutatum</span> <span class='ocrx_word' id='word_1_184' title='bbox 781 3524 904 3586; x_wconf 87' lang='lat' dir='ltr'>finibus</span> <span class='ocrx_word' id='word_1_185' title='bbox 919 3523 996 3599; x_wconf 84' lang='lat' dir='ltr'>exit,</span> 
     </span>
     <span class='ocr_line' id='line_1_29' title="bbox 181 3633 992 3712; baseline -0.005 -13"><span class='ocrx_word' id='word_1_186' title='bbox 181 3637 337 3699; x_wconf 86' lang='lat' dir='ltr'>continuo</span> <span class='ocrx_word' id='word_1_187' title='bbox 352 3636 413 3698; x_wconf 94' lang='lat' dir='ltr'>hoc</span> <span class='ocrx_word' id='word_1_188' title='bbox 428 3656 516 3697; x_wconf 85' lang='lat' dir='ltr'>mors</span> <span class='ocrx_word' id='word_1_189' title='bbox 531 3643 579 3698; x_wconf 91' lang='lat' dir='ltr'>est</span> <span class='ocrx_word' id='word_1_190' title='bbox 595 3635 686 3697; x_wconf 90' lang='lat' dir='ltr'>illius</span> <span class='ocrx_word' id='word_1_191' title='bbox 700 3635 788 3712; x_wconf 91' lang='lat' dir='ltr'>quod</span> <span class='ocrx_word' id='word_1_192' title='bbox 804 3633 873 3696; x_wconf 86' lang='lat' dir='ltr'>fuit</span> <span class='ocrx_word' id='word_1_193' title='bbox 890 3633 992 3710; x_wconf 84' lang='lat' dir='ltr'>ante.)</span> 
     </span>
     <span class='ocr_line' id='line_1_30' title="bbox 138 3742 1027 3824; baseline -0.007 -15"><span class='ocrx_word' id='word_1_194' title='bbox 138 3753 385 3824; x_wconf 85' lang='lat' dir='ltr'>-quapropter</span> <span class='ocrx_word' id='word_1_195' title='bbox 402 3744 557 3823; x_wconf 90' lang='lat' dir='ltr'>quoniam</span> <span class='ocrx_word' id='word_1_196' title='bbox 574 3764 657 3821; x_wconf 90' lang='lat' dir='ltr'>quae</span> <span class='ocrx_word' id='word_1_197' title='bbox 674 3745 776 3822; x_wconf 92' lang='lat' dir='ltr'>paulo</span> <span class='ocrx_word' id='word_1_198' title='bbox 791 3742 935 3804; x_wconf 84' lang='lat' dir='ltr'>diximus</span> <span class='ocrx_word' id='word_1_199' title='bbox 951 3748 1027 3804; x_wconf 89' lang='lat' dir='ltr'>aute</span> 
     </span>
    </p>
   </div>
   <div class='ocr_carea' id='block_1_3' title="bbox 133 3877 825 4210">
    <p class='ocr_par' dir='ltr' id='par_1_3' title="bbox 133 3877 825 4210">
     <span class='ocr_line' id='line_1_31' title="bbox 193 3877 420 3938; baseline -0.004 -11"><span class='ocrx_word' id='word_1_200' title='bbox 193 3877 324 3938; x_wconf 70' lang='grc'><strong>7751119.</strong></span> <span class='ocrx_word' id='word_1_201' title='bbox 342 3880 420 3926; x_wconf 89' lang='lat' dir='ltr'>coetu</span> 
     </span>
     <span class='ocr_line' id='line_1_32' title="bbox 133 3945 474 4006; baseline 0.003 -12"><span class='ocrx_word' id='word_1_202' title='bbox 133 3998 136 4003; x_wconf 51' lang='lat'>‚</span> <span class='ocrx_word' id='word_1_203' title='bbox 193 3946 325 4006; x_wconf 70' lang='grc'><strong>7761111.</strong></span> <span class='ocrx_word' id='word_1_204' title='bbox 342 3945 474 3995; x_wconf 88' lang='lat' dir='ltr'>ostendet</span> 
     </span>
     <span class='ocr_line' id='line_1_33' title="bbox 194 4013 421 4076; baseline 0 -16"><span class='ocrx_word' id='word_1_205' title='bbox 194 4013 242 4061; x_wconf 91' lang='grc'>777</span> <span class='ocrx_word' id='word_1_206' title='bbox 253 4013 320 4074; x_wconf 75' lang='lat' dir='ltr'>fort.</span> <span class='ocrx_word' id='word_1_207' title='bbox 335 4027 421 4076; x_wconf 88' lang='lat' dir='ltr'>vapor</span> 
     </span>
     <span class='ocr_line' id='line_1_34' title="bbox 194 4079 643 4142; baseline 0.002 -14"><span class='ocrx_word' id='word_1_208' title='bbox 194 4081 242 4129; x_wconf 88' lang='grc'>780</span> <span class='ocrx_word' id='word_1_209' title='bbox 253 4082 397 4132; x_wconf 86' lang='lat' dir='ltr'>demineat</span> <span class='ocrx_word' id='word_1_210' title='bbox 432 4081 498 4142; x_wconf 69' lang='lat' dir='ltr'>fort.</span> <span class='ocrx_word' id='word_1_211' title='bbox 516 4079 643 4129; x_wconf 86' lang='lat' dir='ltr'>deveniat</span> 
     </span>
     <span class='ocr_line' id='line_1_35' title="bbox 195 4147 825 4210; baseline -0.005 -14"><span class='ocrx_word' id='word_1_212' title='bbox 195 4149 326 4210; x_wconf 77' lang='lat' dir='ltr'>784oulp.</span> <span class='ocrx_word' id='word_1_213' title='bbox 342 4148 457 4198; x_wconf 89' lang='lat' dir='ltr'>imbrem</span> <span class='ocrx_word' id='word_1_214' title='bbox 476 4185 482 4197; x_wconf 89' lang='lat'><strong>.</strong></span> <span class='ocrx_word' id='word_1_215' title='bbox 503 4185 509 4197; x_wconf 91' lang='lat'>.</span> <span class='ocrx_word' id='word_1_216' title='bbox 528 4147 613 4197; x_wconf 89' lang='lat' dir='ltr'>imbri</span> <span class='ocrx_word' id='word_1_217' title='bbox 633 4185 639 4197; x_wconf 87' lang='lat'><em>.</em></span> <span class='ocrx_word' id='word_1_218' title='bbox 659 4185 665 4197; x_wconf 89' lang='lat'><em>.</em></span> <span class='ocrx_word' id='word_1_219' title='bbox 686 4185 692 4197; x_wconf 87' lang='lat'><em>.</em></span> <span class='ocrx_word' id='word_1_220' title='bbox 711 4162 729 4197; x_wconf 85' lang='lat' dir='ltr'>a</span> <span class='ocrx_word' id='word_1_221' title='bbox 746 4151 825 4196; x_wconf 88' lang='lat' dir='ltr'>terra</span> 
     </span>
    </p>
   </div>
   <div class='ocr_carea' id='block_1_4' title="bbox 683 4232 741 4283">
    <p class='ocr_par' dir='ltr' id='par_1_4' title="bbox 683 4232 741 4283">
     <span class='ocr_line' id='line_1_36' title="bbox 683 4232 741 4283; baseline 0 0"><span class='ocrx_word' id='word_1_222' title='bbox 683 4232 741 4283; x_wconf 81' lang='grc'><strong>[271</strong></span> 
     </span>
    </p>
   </div>
   <div class='ocr_carea' id='block_1_5' title="bbox 0 0 1637 4684">
    <p class='ocr_par' dir='ltr' id='par_1_5' title="bbox 0 0 1637 4684">
     <span class='ocr_line' id='line_1_37' title="bbox 0 0 1637 4684; baseline 0 0"><span class='ocrx_word' id='word_1_223' title='bbox 0 0 1637 4684; x_wconf 95' lang='lat' dir='ltr'> </span> 
     </span>
    </p>
   </div>
  </div>
 </body>
</html>
