3190 4682
619 427 670 475 DE
689 426 821 476 RERVM
839 422 993 475 NATVRA
1013 426 1057 475 11⁷

389 813 456 874 Nec
471 812 590 875 mulier
606 832 733 889 semper
749 812 825 875 ficto
841 811 987 889 suspirat
1004 831 1112 873 amore

327 943 411 999 quae
426 923 585 999 conplexa
599 921 667 984 uiri
682 942 802 999 corpus
817 942 891 983 cum
907 940 1042 997 corpore
1058 919 1167 996 iungit

327 1039 360 1094 et
374 1038 465 1094 tenet
481 1031 627 1095 adsuctis
640 1037 810 1093 umectans
825 1031 935 1093 oscula
951 1030 1061 1092 labris.

311 1143 405 1218 (nam
420 1141 503 1203 facit
517 1163 556 1204 ex
571 1141 681 1204 animo
694 1161 790 1218 saepe
805 1146 836 1203 ct
852 1139 1037 1202 communia
1052 1159 1212 1216 quaerens
1263 1197 1264 1200 ,
1409 1131 1469 1180 1195

327 1251 450 1329 gaudia
467 1250 623 1313 sollicitat
641 1250 786 1327 spatium
806 1251 978 1311 decurrere
997 1248 1143 1324 amoris.)
1163 1321 1165 1325 y

284 1381 386 1423 -oec
403 1360 531 1423 ratione
549 1359 615 1423 alia
631 1360 781 1422 uolucres
799 1365 948 1422 armenta
966 1358 1121 1434 feraeque

328 1478 360 1532 et
377 1471 517 1547 pecudes
533 1477 566 1531 et
582 1489 683 1546 equae
698 1469 844 1530 maribus
861 1467 1028 1531 subsidere
1045 1473 1186 1544 possent,

328 1579 355 1642 si
371 1599 447 1656 non,
462 1579 536 1656 ipsa
552 1580 639 1655 quod
654 1579 788 1640 illarum
802 1579 899 1640 subat
915 1578 1010 1640 ardet
1026 1578 1214 1649 abundans

328 1696 450 1751 natura
465 1697 497 1751 et
511 1689 672 1750 Venerem
687 1688 862 1750 salientum
878 1689 964 1749 laeta
979 1692 1148 1751 retractat.

328 1818 436 1861 oonnc
452 1798 546 1861 uides
562 1798 660 1861 ctiam
677 1818 758 1874 quos
773 1803 889 1859 mutua
905 1817 1001 1873 saepe
1017 1797 1173 1873 uoluptas

328 1907 447 1984 uinxit,
466 1914 505 1969 ut
523 1907 557 1968 in
574 1907 694 1969 uinclis
712 1906 938 1969 communibus
956 1905 1207 1968 excrucientur?
1267 1932 1268 1935 ¹

328 2017 364 2077 in
379 2017 490 2080 triuiis
505 2038 579 2079 cum
594 2037 690 2094 saepe
706 2037 811 2092 canes
828 2016 994 2078 discedere
1009 2015 1148 2091 aucntiS,
1370 2082 1372 2085 ,

329 2126 454 2189 diuorsi
471 2126 591 2203 cupide
609 2126 743 2187 summis
762 2147 801 2188 ex
818 2125 945 2187 uiribu'
963 2126 1116 2200 tendunt,
1414 2116 1472 2166 1210

329 2257 426 2314 quom
443 2236 569 2299 interea
585 2235 706 2298 ualidis
722 2235 861 2298 Veneris
878 2234 1090 2312 compagibus
1105 2235 1251 2296 haerent.
1414 2226 1472 2276 1204

329 2347 417 2423 quod
434 2345 582 2408 facerent
599 2365 779 2422 numquam
796 2344 860 2406 nisi
877 2350 993 2406 mutua
1010 2344 1133 2420 gaudia
1149 2351 1282 2406 nossent

329 2476 412 2533 quae
430 2455 534 2518 iacere
552 2455 587 2515 in
605 2454 759 2517 fraudem
777 2460 909 2531 possent
926 2453 1119 2530 uinctosque
1135 2460 1256 2515 tenere.

286 2585 431 2642 -ouare
447 2565 547 2627 etiam
562 2572 661 2641 atquc
677 2564 785 2639 etiam,
802 2570 840 2626 ut
857 2563 938 2639 dico,
956 2570 1004 2625 est
1021 2561 1198 2625 communi’
1214 2562 1380 2639 uoluptas

392 2759 437 2820 Et
454 2757 689 2820 commiscendo
706 2778 803 2834 quom
820 2756 940 2820 semine
957 2756 1045 2819 forte
1060 2756 1152 2818 uirili

329 2867 455 2930 femina
470 2867 539 2929 uim
555 2867 636 2930 uicit
653 2867 763 2930 subita
778 2866 813 2928 ui
830 2866 1066 2943 corripuitque,

328 2983 400 3039 tum
418 2976 539 3039 similes
556 2984 700 3039 matrum
718 2983 867 3039 materno
884 2975 1005 3038 semine
1022 2975 1117 3051 fiunt,

328 3093 367 3148 ut
383 3086 535 3164 patribus
551 3086 670 3163 patrio.
708 3086 765 3147 scd
782 3106 862 3162 quos
878 3085 1051 3161 utriusque
1067 3085 1192 3161 figurae

330 3216 396 3257 esse
412 3195 514 3271 uides,
531 3195 650 3257 iuxtim
666 3195 838 3257 miscentes
853 3195 949 3256 uulta
966 3201 1152 3272 parentum,

330 3325 465 3382 corpore
483 3306 523 3367 de
542 3305 652 3382 patrio
670 3311 701 3367 et
719 3312 867 3367 materno
886 3304 1046 3381 sanguine
1064 3310 1225 3379 crescunt,

330 3414 454 3477 semina
471 3435 544 3476 cum
561 3414 700 3476 Veneris
715 3413 857 3475 stimulis
874 3413 980 3476 excita
996 3433 1055 3490 per
1072 3419 1166 3475 artus

330 3524 428 3586 obuia
446 3523 593 3586 conflixit
612 3523 804 3600 conspirans
822 3531 958 3585 mutuus
977 3523 1086 3598 ardor,
1309 3602 1311 3605 Ι

330 3641 362 3696 et
379 3653 484 3709 neque
501 3640 615 3695 utrum
631 3632 803 3710 superauit
821 3652 932 3694 eorum
950 3652 1009 3693 nec
1026 3637 1260 3709 superatumst.

286 3743 374 3819 —fit
391 3762 519 3819 quoque
537 3749 575 3804 ut
593 3742 761 3804 interdum
779 3741 900 3803 similes
918 3741 1056 3804 existere
1073 3761 1212 3803 auorum

330 3852 457 3929 possint
474 3858 505 3913 et
521 3851 671 3914 referant
686 3871 887 3929 proauorum
902 3871 998 3928 saepe
1014 3850 1138 3927 figuras

325 3984 392 4032 1199
402 3984 515 4033 illorum

324 4052 391 4100 1203
402 4052 474 4112 vulp.
491 4066 572 4115 quam

325 4120 391 4168 1208
402 4120 451 4168 alti·
467 4118 574 4169 uirilem
