3190 4682
500 442 530 491 Τ.
552 442 714 494 Lucani!
734 442 823 494 CARI

125 653 246 730 omnia,
264 655 351 730 quod
368 655 520 732 contrita,
538 657 625 733 quod
642 655 713 734 igni
729 656 994 733 conlabefacta):

124 762 246 825 deinde
262 763 377 826 uidere
394 764 470 827 licet
487 765 667 829 maioribus
683 786 750 829 esse
768 773 915 829 creatum

124 872 303 951 principiis
319 894 418 951 quam
433 894 508 952 uox,
527 875 681 952 quoniam
698 897 758 953 per
773 896 872 939 saxea
886 884 1000 953 saepta

123 1002 191 1044 non
208 989 372 1061 penetrat,
388 1004 455 1061 qua
468 1004 535 1046 uox
550 986 649 1062 uolgo
662 985 853 1062 sonitusque
870 984 1037 1049 feruntur.

84 1111 230 1169 —quare
244 1092 344 1155 etiam
358 1094 445 1170 quod
461 1094 524 1156 olet
539 1113 605 1155 non
619 1100 688 1157 tam
703 1094 801 1157 facile
815 1114 882 1158 esse
896 1094 1025 1157 uidebis

123 1200 329 1279 inuestigare
347 1200 383 1263 in
401 1223 466 1280 qua
483 1202 527 1265 sit
545 1202 677 1281 regione
694 1204 855 1280 locatum;

123 1311 314 1389 refrigescit
332 1311 418 1375 enim
436 1313 622 1376 cunctando
639 1313 739 1390 plaga
755 1334 815 1390 per
832 1333 940 1391 auras,

123 1440 184 1483 nec
201 1421 311 1484 calida
326 1422 368 1484 ad
384 1441 515 1484 sensum
532 1423 714 1484 decurrunt
730 1422 850 1486 nuntia
865 1442 986 1485 rerum.

124 1537 241 1593 errant
257 1551 353 1609 saepe
370 1551 467 1594 canes
483 1531 595 1608 itaque
612 1538 644 1594 et
661 1531 803 1609 uestigia
820 1539 994 1609 quaerunt.

192 1805 282 1893 JtNec
298 1815 408 1871 tamen
425 1811 486 1872 hoc
502 1809 580 1872 solis
596 1810 632 1872 in
650 1810 805 1873 odoribus
822 1817 921 1888 atque
938 1831 1093 1889 saporum

125 1917 160 1979 in
176 1926 338 1996 generem,
353 1920 410 1981 sed
426 1918 505 1982 item
521 1920 644 1998 species
658 1941 770 1982 rerum
786 1929 885 1998 atque
901 1922 1023 1984 colores

125 2048 191 2090 non
209 2027 258 2090 ita
275 2028 477 2091 conueniunt
494 2030 536 2092 ad
552 2050 666 2092 sensus
682 2030 833 2092 omnibus
850 2050 987 2107 omnes,-

125 2143 163 2199 ut
179 2157 248 2199 non
264 2138 332 2200 sint
346 2137 420 2201 aliis
436 2140 597 2216 quaedam
612 2138 717 2217 magis
733 2139 824 2202 acria
838 2139 923 2202 uisu.

126 2247 209 2324 quin
226 2246 325 2309 etiam
343 2249 477 2325 gallum,
495 2254 623 2311 noctem
641 2249 918 2326 explaudentibus
935 2249 996 2312 alis

126 2376 282 2419 auroram
298 2358 388 2420 clara
403 2365 594 2421 consuetum
611 2378 689 2421 uoce
705 2378 833 2435 uocare,

125 2486 236 2528 noenu
254 2473 380 2542 queunt
399 2466 509 2544 rapidi
529 2474 644 2530 contra
663 2475 811 2530 constare
830 2469 938 2530 leones

126 2575 227 2653 inque
242 2576 348 2638 tueri:
365 2576 414 2639 ita
429 2576 586 2639 continuo
600 2577 776 2640 meminere
792 2577 897 2655 fugai,

125 2685 285 2747 nimirum
301 2685 380 2762 quia
393 2692 471 2748 sunt
486 2687 649 2763 gallorum
664 2686 699 2748 in
715 2707 850 2764 corpore
866 2688 1027 2764 quaedam

126 2794 260 2870 semina,
277 2815 450 2871 quaecum
464 2803 542 2858 sunt
557 2795 659 2858 oculis
674 2796 809 2859 inmissa
823 2797 963 2872 leonum,

127 2904 274 2981 pupillas
291 2904 516 2967 interfodiunt
533 2925 704 2982 acremque
722 2906 867 2968 dolorem

126 3014 296 3091 praebent,
313 3021 351 3076 ut
365 3021 530 3092 nequeant
546 3022 661 3078 contra
676 3016 798 3078 durare
814 3015 956 3093 ferocem

127 3143 202 3186 cum
218 3131 329 3186 tamen
343 3124 423 3186 haec
439 3131 568 3188 nostras
584 3125 669 3188 acies
684 3125 733 3186 nil
749 3126 878 3188 laedere
895 3125 1030 3204 possint,

127 3240 186 3295 aut
203 3233 283 3310 quia
298 3253 364 3295 non
380 3241 557 3311 penetrant
573 3242 631 3297 aut
649 3235 736 3311 quod
753 3235 1005 3313 penetrantibus
1022 3235 1088 3298 illis

128 3343 235 3406 exitus
250 3364 290 3406 ex
304 3343 406 3406 oculis
420 3343 503 3405 liber
518 3345 627 3420 datur,
643 3344 678 3405 in
693 3346 889 3407 remorando

127 3453 255 3515 laedere
271 3473 312 3515 ne
328 3452 455 3531 possint
471 3472 510 3514 ex
525 3454 595 3516 ulla
609 3453 736 3516 lumina
752 3451 879 3538 partalss

497 3812 547 3863 DE
568 3813 688 3863 ANIMI
710 3813 817 3864 MOTV

189 3903 286 3965 Nunc
302 3923 361 3980 age
376 3921 459 3979 quae
473 3907 627 3964 moueant
642 3902 787 3965 animum
802 3923 854 3965 res
869 3903 988 3981 accipe,
1004 3911 1036 3967 et
1050 3904 1138 3967 unde

140 4008 188 4056 704
199 4009 266 4069 sort.
283 4009 382 4058 valida

140 4076 188 4125 712
198 4077 270 4138 culp.
286 4076 377 4126 rabidi
409 4078 477 4139 fort.
491 4076 586 4141 pavidi

139 4144 187 4195 719
196 4145 250 4196 ilus
283 4145 351 4205 fort.
366 4144 446 4196 hibus
632 4214 705 4266 [130]
