3190 4682
664 895 699 956 T.
718 895 915 958 LVCRETI
934 895 1042 958 CARI

573 1073 649 1148 DE
670 1073 874 1148 RERVM
893 1073 1130 1149 NATVRA

721 1249 824 1311 limus
841 1250 982 1313 Tnamvs

720 1476 803 1534 <DE
822 1475 982 1534 ANIMA>

384 1563 412 1624 E
430 1562 574 1625 tenebris
589 1562 692 1624 tantis
709 1570 778 1625 tam
794 1563 920 1625 alarum
937 1563 1091 1625 extollere
1107 1562 1219 1624 lumen

321 1673 378 1749 qui
397 1672 525 1750 primus
544 1672 683 1750 potuisti
701 1672 886 1734 inlustrans
902 1672 1070 1735 eommoda
1088 1671 1189 1748 uitae,

320 1789 352 1844 te
368 1801 495 1859 sequor,
511 1801 531 1844 o
545 1781 664 1845 Graiae
680 1782 788 1859 gentis
805 1783 913 1857 deous,
930 1781 1029 1858 inque
1044 1780 1112 1843 tuis
1127 1801 1216 1843 nuno

319 1890 397 1953 fieta
412 1892 534 1968 pedum
549 1910 636 1968 pono
650 1890 771 1967 pressis
785 1890 927 1967 uestigia
942 1889 1055 1967 signis,

319 2019 386 2061 non
402 2000 450 2062 ita
465 1999 615 2063 certandi
630 1999 772 2077 cupidus
787 2020 886 2076 quam
902 2006 1040 2077 propter
1056 2018 1199 2062 amorem

320 2109 407 2185 quod
422 2116 455 2171 te
471 2108 597 2171 imitari
613 2128 711 2184 aueo;
734 2109 832 2185 (quid
847 2108 934 2170 enim
950 2109 1128 2171 contendat
1144 2107 1291 2170 hirundo

320 2217 440 2294 oyenis,
458 2225 515 2280 aut
532 2217 691 2294 quidnam
706 2217 858 2280 tremulis
873 2217 983 2280 faeere
1000 2219 1139 2280 artubus
1154 2216 1253 2280 haedi

320 2326 486 2390 consimile
502 2326 538 2387 in
554 2346 653 2389 eursu
670 2327 796 2404 possint
813 2334 844 2389 et
861 2325 960 2388 fortis
976 2326 1051 2402 equi
1067 2326 1157 2402 uisl)

277 2439 366 2512 -tu‚
382 2442 488 2513 pater,
504 2456 537 2499 es
552 2456 663 2498 rerum
678 2435 840 2512 inventor,
856 2443 895 2498 tu
910 2435 1021 2513 patria
1036 2414 1130 2498 nobis

319 2545 513 2623 suppeditas
528 2552 714 2623 praecepta,
730 2545 861 2621 tuisque
877 2564 925 2620 ex,
942 2544 1075 2620 inolute,
1092 2544 1225 2621 chartis,

319 2653 476 2717 floriferis
490 2662 528 2717 ut
544 2654 673 2731 apesin
688 2654 827 2716 saltibus
842 2653 951 2717 omnia
967 2653 1095 2730 limant,

319 2763 428 2826 omnia
441 2783 501 2825 nos
516 2763 631 2826 itidem
646 2763 854 2840 depascimur
870 2783 970 2826 aurea
985 2762 1085 2840 diota,

319 2892 429 2948 aurea,
446 2879 608 2950 perpetua
625 2892 752 2949 semper
768 2872 962 2949 dignissima
978 2871 1059 2934 uita.

318 3000 395 3045 nam
410 2980 507 3043 simul
523 3001 561 3044 aa
576 2981 663 3043 ratio
677 2988 736 3044 tua
752 2981 858 3058 eoepit
874 2980 1054 3044 uociferari

317 3097 473 3153 naturam
487 3110 599 3153 rarum
614 3090 730 3153 diuina
745 3097 854 3153 mente
869 3097 1022 3165 coortam,

317 3198 501 3275 diffugiunt
517 3198 619 3261 animi
634 3206 785 3276 terrores,
802 3199 930 3262 moenia
946 3199 1062 3261 mundi

318 3308 502 3383 discedunt,
518 3314 624 3370 totum
640 3308 739 3371 uideo
752 3329 812 3386 per
828 3308 926 3371 inane
942 3307 1012 3385 geri
1027 3329 1088 3372 res.

317 3423 458 3495 apparet
474 3416 589 3479 diuum
604 3437 726 3479 numen
741 3417 897 3494 sedesque
913 3416 1042 3493 quietae

317 3546 400 3603 quas
416 3545 521 3602 neque
539 3526 732 3589 conontiunt
749 3526 843 3588 uenti
860 3546 920 3589 neo
937 3526 1053 3589 nubila
1069 3526 1190 3589 nimbis

317 3641 499 3712 aspergimt
512 3655 617 3712 neque
631 3634 690 3696 nix
705 3634 774 3697 aori
788 3641 940 3698 eonoreta
955 3635 1079 3712 pruina

316 3765 400 3807 cana
414 3744 534 3806 cadens
547 3744 652 3807 uiolat
667 3763 858 3821 semperque
873 3743 1045 3806 innubilus
1060 3747 1173 3808 aether

316 3852 437 3931 integit
453 3860 485 3916 et
501 3853 592 3931 large
610 3853 732 3915 diffuso
747 3852 871 3916 lumine
888 3852 985 3915 ridet.

345 3985 377 4033 11
389 3984 456 4045 fort.
471 3983 573 4033 rimant

345 4053 460 4113 15oulp.
477 4056 574 4102 coorta

345 4120 377 4169 22
388 4121 460 4181 vulp.
476 4119 567 4170 rident
