3190 4682
635 430 686 479 Du
704 430 836 480 RERVM
854 429 1009 480 NATVRA
1028 430 1072 479 IV

326 644 372 720 (is
387 664 516 723 quoque
532 643 619 708 enim
635 644 761 722 duplici
778 643 970 722 geminoque
985 645 1023 708 fit
1039 665 1113 709 aere
1129 644 1247 722 1111111.)

341 754 472 832 primus
487 753 574 815 enim
589 753 674 817 citra
690 760 798 831 postes
813 760 885 816 tum
902 754 1050 817 cernitur
1067 774 1132 831 aer,
1202 769 1207 776 ·

343 864 420 927 inde
438 863 527 927 fores
544 863 635 941 ipsae
653 864 771 927 dextra
787 864 947 940 laeuaque
965 870 1131 940 secuntur,

343 979 417 1051 post
433 973 580 1035 extraria
595 974 655 1035 lux
670 974 779 1036 oculos
795 979 963 1051 perterget
980 979 1012 1036 11
1029 992 1085 1035 111

343 1083 475 1146 alteret
492 1082 551 1145 illa
566 1081 650 1144 foris
666 1103 750 1159 quae
767 1103 845 1145 uere
862 1072 1138 1159 transpiciuntur.

342 1192 388 1254 sic
405 1191 463 1254 ubi
479 1212 512 1255 se
529 1191 674 1269 primum
690 1192 815 1269 speculi
832 1191 971 1270 proiecit
987 1191 1104 1269 imago,

341 1302 422 1363 dum
437 1300 530 1364 uenit
545 1302 588 1364 ad
603 1307 733 1364 nostras
748 1301 841 1378 11111,
857 1301 1028 1379 protrudit
1044 1301 1177 1380 agitque

342 1429 420 1473 aera
434 1410 492 1489 qui
507 1410 595 1472 inter
610 1430 643 1473 se
660 1418 830 1488 cumquest
846 1412 1018 1487 oculosque
1034 1411 1170 1487 locatus,

342 1527 375 1582 11
391 1519 474 1583 11111
488 1528 527 1582 ut
543 1520 638 1597 prius
653 1522 741 1583 hunc
757 1540 884 1583 omnem
900 1519 1022 1583 sentire
1039 1540 1196 1596 queamus

342 1649 441 1707 quam
455 1630 633 1706 speculum.
670 1631 727 1692 sed
740 1629 798 1691 ubi
812 1630 982 1707 speculum
996 1648 1124 1707 quoque
1139 1628 1298 1693 sensimus
1310 1627 1418 1705 ipsum,

343 1737 500 1800 continuo
515 1759 535 1801 a
550 1727 643 1801 nobis
660 1739 694 1800 in
711 1738 797 1801 idem
813 1759 896 1817 quae
913 1738 1024 1802 fertur
1040 1738 1148 1816 imago

252 1899 256 1905 .
342 1848 496 1925 peruenit
514 1856 546 1911 et
564 1854 692 1911 nostros
710 1849 819 1910 oculos
837 1848 959 1911 reiecta
976 1848 1091 1911 reuisit

343 1964 442 2035 atque
458 1957 560 2019 alium
577 1978 706 2035 praese
723 1958 910 2035 propellens
926 1978 1004 2020 1111
1018 1957 1126 2020 uoluit

342 2073 374 2129 et
388 2066 472 2129 facit
486 2073 524 2129 ut
538 2067 633 2145 prius
646 2068 735 2130 hunc
750 2087 847 2144 quam
862 2087 895 2130 11
909 2050 1090 2143 uideamus,
1105 2087 1206 2144 eoque

342 2176 466 2240 distare
483 2197 503 2239 a
518 2177 652 2254 speculo
666 2181 798 2239 tantum
815 2184 939 2239 semota
953 2176 1099 2239 uidetur.

299 2305 444 2362 —quare
459 2286 558 2348 etiam
574 2294 673 2362 atque
688 2286 787 2348 etiam
802 2285 936 2348 minime
950 2284 1103 2347 mirarier
1119 2292 1168 2347 est
1183 2305 1244 2363 par

805 2397 822 2430 ᾖ

1429 740 1469 790 215

1430 1827 1471 1879 185

1434 2435 1474 2487 110

342 2461 409 2523 illis
426 2481 510 2539 quae
526 2462 673 2525 reddunt
689 2462 898 2540 speculorum
915 2481 955 2523 ex
971 2481 1112 2540 aequore
1128 2460 1248 2539 11111111,

343 2570 474 2633 aeribus
488 2571 575 2632 binis
592 2571 746 2648 quoniam
762 2592 814 2634 res
830 2570 929 2634 confit
945 2577 1095 2649 utraque.

404 2765 500 2827 Nunc
519 2785 557 2827 ea
576 2785 658 2842 quae
677 2765 770 2827 nobis
789 2767 1008 2828 membrorum
1028 2766 1163 2828 dextera
1182 2785 1261 2842 pars
1279 2770 1334 2839 est,

343 2873 378 2933 in
395 2874 536 2951 speculis
551 2873 589 2935 fit
605 2880 644 2936 ut
661 2874 696 2935 in
712 2874 808 2936 laeua
823 2874 979 2936 uideatur
996 2893 1034 2936 eo
1050 2874 1137 2950 quod

343 2982 515 3059 planitiem
530 2984 572 3045 ad
586 2982 712 3060 speculi
725 2983 862 3045 ueniens
875 3004 950 3045 cum
965 2983 1104 3046 offendit
1117 2982 1233 3061 imago,

343 3111 409 3152 non
426 3093 632 3154 conuertitur
648 3092 830 3168 incolumis,
847 3093 905 3155 sed
921 3100 1011 3154 recta
1026 3099 1222 3168 retrorsum

342 3200 388 3262 sic
403 3200 549 3277 eliditur,
564 3207 603 3264 ut
618 3201 730 3278 siquis,
747 3201 841 3279 prius
856 3201 952 3264 arida
967 3221 1066 3278 quam
1081 3201 1125 3264 sit

342 3317 451 3372 cretea
465 3330 614 3387 persona,
631 3311 758 3373 adlidat
774 3310 902 3388 pilaeue
917 3310 1058 3386 trabiue,
1093 3312 1095 3317 '

244 3502 246 3507 Ι
343 3427 442 3496 atque
458 3426 495 3483 ea
509 3419 666 3482 continuo
680 3426 803 3483 rectam
818 3420 846 3482 si
861 3419 973 3483 fronte
987 3419 1128 3497 figuram

342 3535 451 3592 seruet
469 3536 502 3591 et
519 3529 631 3591 elisam
648 3535 738 3591 retro
754 3550 821 3592 sese
840 3529 1004 3607 exprimat
1021 3529 1103 3606 ipsa.

299 3637 398 3700 —fiet
414 3646 452 3701 ut
470 3646 546 3702 ante
564 3640 676 3701 oculus
694 3638 799 3701 fuerit
816 3638 873 3716 qui
890 3639 1014 3715 dexter,
1031 3645 1070 3700 ut
1087 3638 1173 3701 idem

342 3768 431 3809 nunc
446 3747 489 3811 sit
504 3749 628 3824 laeuus,
644 3755 676 3811 et
692 3770 708 3811 e
724 3749 819 3811 laeuo
833 3748 876 3811 sit
891 3753 1008 3810 mutua
1023 3748 1148 3810 dexter.

353 3879 404 3928 284
415 3894 477 3929 eum
512 3881 578 3942 sort.
595 3883 656 3930 tum

354 3947 486 4007 28811119.
501 3948 536 3997 ab

354 4015 482 4076 2901111.
497 4014 521 4066 si
536 4030 604 4079 quae
618 4014 675 4065 illic
689 4017 747 4064 11111
762 4016 859 4065 locuao

353 4083 404 4131 324
414 4083 486 4144 culp.
505 4083 552 4133 fiet
569 4083 611 4132 ita
647 4084 715 4145 fort.
733 4082 836 4132 ibidem

837 4208 910 4259 [128]
