3190 4682
631 476 682 526 DE
700 477 833 527 RERVM
849 477 1004 528 NATVRA
1024 478 1075 528 ΙΙΙ

337 709 378 752 ex
392 688 527 752 ineunte
544 710 625 753 aeuo
641 691 687 753 sic
702 691 849 768 corporis
865 699 964 769 atque
980 692 1103 756 animai

337 805 454 862 mutua
470 799 583 862 uitalis
599 800 732 863 discunt
748 801 901 879 contagia
916 808 1025 865 motus

337 908 496 972 maternis
512 909 612 972 etiam
628 909 783 972 membris
798 911 938 988 aluoque
956 919 1097 990 reposta,

337 1018 513 1081 discidium
535 1026 648 1090 <ut>
669 1027 811 1096 nequeat
827 1020 899 1083 fieri
917 1021 987 1083 sine
1005 1028 1095 1099 peste
1112 1023 1281 1101 maloque:

293 1135 375 1191 -ut
390 1128 514 1205 uideas,
531 1128 686 1205 quoniam
701 1129 908 1193 coniunctast
924 1150 1023 1193 causa
1038 1131 1164 1208 salutis,

336 1238 545 1301 coniunctam
563 1258 691 1315 quoque
709 1245 864 1302 naturam
881 1239 1057 1303 consistere
1074 1261 1197 1304 eorum.

617 1344 667 1395 DE
688 1344 809 1395 SENSV
831 1343 1014 1396 CORPORIS
1035 1347 1083 1397 ΕΤ
1104 1346 1225 1398 ΑΝΙΜΙ

400 1433 497 1511 Quod
512 1440 671 1510 superest,
688 1433 791 1510 siquis
807 1454 928 1512 corpus
943 1435 1065 1497 sentire
1081 1435 1210 1499 refutat

335 1551 435 1620 atque
450 1542 593 1605 animam
608 1543 713 1606 credit
728 1543 926 1621 permixtam
940 1564 1076 1622 corpore
1091 1553 1162 1608 toto

334 1652 500 1730 suscipere
515 1653 604 1714 hunc
618 1659 744 1715 motum
759 1674 855 1730 quem
869 1673 1000 1716 sensum
1015 1654 1261 1733 nominitamus,

334 1764 389 1826 uel
403 1762 597 1825 manifestas
611 1782 664 1825 res
677 1770 792 1825 contra
806 1783 967 1840 uerasque
981 1770 1157 1841 repugnat.

335 1872 417 1951 quid
431 1871 474 1934 sit
490 1871 576 1933 enim
591 1892 711 1950 corpus
724 1872 846 1935 sentire
861 1872 935 1949 quis
949 1872 1079 1937 adferet
1094 1895 1261 1952 umquam,

335 1982 363 2044 si
378 2001 444 2044 non
459 1981 532 2059 ipsa
546 1982 657 2059 palam
672 1982 760 2058 quod
774 2002 826 2045 res
842 1982 934 2045 dedit
948 2003 986 2045 ac
1000 1983 1113 2046 docuit
1127 1988 1208 2047 nost

335 2098 369 2154 at
386 2091 520 2154 dimissa
537 2091 647 2154 anima
664 2111 783 2169 corpus
799 2098 889 2154 caret
904 2092 1052 2169 undique
1068 2113 1183 2170 sensu3

334 2201 447 2280 perdit
463 2201 550 2264 enim
566 2202 654 2278 quod
670 2220 736 2263 non
753 2201 926 2279 proprium
942 2200 1011 2264 fuit
1027 2202 1099 2265 eius
1113 2202 1148 2264 in
1164 2224 1255 2281 aeuo,

333 2311 503 2388 multaque
521 2318 693 2389 praeterea
711 2311 822 2388 perdit
840 2331 939 2388 quam
957 2312 1136 2389 expellitur
1154 2321 1240 2376 ante.

370 2500 517 2561 <OCVLI
542 2499 624 2551 NON
648 2501 794 2550 VIDENT
819 2501 891 2551 SED
915 2501 1058 2552 SENSVS
1082 2503 1157 2553 PER
1181 2502 1357 2564 OCVLOS>

396 2591 514 2654 Dicere
530 2610 631 2668 porro
646 2590 755 2653 oculos
771 2591 897 2652 nullam
912 2611 981 2653 rem
997 2611 1130 2655 cernere
1146 2612 1250 2670 posse,

331 2701 389 2763 sed
405 2721 464 2778 per
478 2720 532 2763 eos
545 2699 691 2762 animum
705 2706 744 2761 ut
759 2698 887 2762 foribus
900 2707 1048 2777 spectare
1062 2701 1208 2778 reclusis,
1430 2696 1478 2747 3⁶⁰

333 2810 505 2886 difficilest,
521 2817 636 2873 contra
652 2829 725 2871 cum
742 2829 855 2872 sensus
871 2810 971 2872 ducat
987 2830 1108 2873 eorum.

332 2941 446 2984 sensus
462 2919 549 2981 enim
565 2918 670 2982 trahit
687 2926 785 2996 atque
802 2918 887 2981 acies
902 2919 1052 2981 detrudit
1069 2920 1112 2983 ad
1129 2920 1227 2998 ipsas,

332 3029 464 3107 fulgida
479 3028 674 3107 praesertim
689 3048 763 3090 cum
779 3049 911 3091 cernere
927 3049 1023 3106 saepe
1038 3029 1222 3107 nequimus,

331 3140 459 3203 lumina
473 3138 654 3201 luminibus
671 3138 749 3215 quia
765 3138 858 3199 nobis
875 3139 1149 3215 praepediuntur.

332 3250 419 3327 quod
434 3248 563 3311 foribus
576 3268 642 3310 non
657 3247 711 3323 fit;
726 3247 942 3324 nequeenim,
958 3247 1014 3324 qui
1029 3248 1193 3311 cernimus
1207 3249 1282 3327 ipsi,
1432 3244 1477 3296 ³⁶⁵

331 3359 416 3422 ostia
432 3357 617 3435 suscipiunt
635 3358 740 3419 ullum
756 3356 885 3419 reclusa
900 3358 1054 3420 laborem.

330 3476 504 3547 praeterea
519 3467 547 3530 si
565 3487 627 3545 pro
643 3466 771 3529 foribus
788 3472 866 3528 sunt
881 3466 1009 3529 lumina
1024 3475 1146 3543 nostra,

330 3579 397 3642 iam
412 3578 517 3656 magis
534 3575 694 3654 exemptis
710 3576 812 3639 oculis
828 3577 944 3638 debere
961 3575 1098 3639 uidetur

330 3709 463 3752 cernere
479 3708 531 3751 res
546 3686 676 3750 animus
691 3685 830 3748 sublatis
845 3685 993 3762 postibus
1008 3685 1098 3763 ipsis

342 3822 393 3871 365
403 3834 460 3885 qua
