3190 4682
533 470 564 520 T.
584 471 748 522 LVCRETI
767 471 856 522 canl

118 684 248 761 —quod
265 684 420 761 quoniam
437 692 551 747 nostro
567 705 695 762 quoque
711 692 840 749 constat
857 707 993 764 corpore
1010 694 1137 751 eertum

157 792 421 877 dispositumque
435 794 571 856 uidetur
585 794 643 857 ubi
659 815 725 858 esse
741 803 774 858 et
789 815 932 859 oresoere
947 797 1050 874 possit
1147 819 1149 823 ’

157 921 304 965 seorsum
318 904 430 966 anima
444 911 542 981 atque
558 904 696 981 animus,
712 913 806 969 tanto
821 905 925 982 magis
940 906 1152 969 infitiandum

158 1017 265 1074 totum
282 1032 375 1089 posse
392 1020 486 1075 extra
501 1033 622 1091 eorpus
637 1014 842 1092 formamque
860 1015 1034 1078 animalem

159 1120 315 1197 putribus
332 1121 367 1182 in
385 1122 487 1198 glebis
504 1129 671 1186 terrarum
689 1131 748 1186 aut
764 1124 841 1186 solis
864 1124 973 1195 <in>
996 1125 1067 1202 igni

158 1212 269 1292 autin
284 1251 371 1308 aqua
385 1233 507 1294 durare
524 1240 583 1295 aut
598 1233 674 1295 altis
689 1234 830 1296 aetheris
845 1234 920 1296 oris.

117 1339 249 1401 —haud
267 1340 371 1423 igitur
390 1349 543 1404 constant
560 1342 677 1405 diuino
693 1343 847 1419 praedita
863 1364 970 1420 sensu,

158 1449 426 1526 quandoquidem
445 1459 613 1528 nequeunt
629 1451 779 1514 uitaliter
798 1473 864 1515 esse
883 1453 1038 1517 animata.

267 1642 441 1692 MVNDVM
463 1642 544 1693 NON
566 1643 657 1693 Essa
681 1643 732 1692 AB
755 1644 817 1693 DIS
842 1643 1112 1693 CONS'HTVTVM

222 1731 313 1792 Illud
330 1731 408 1793 item
424 1752 490 1794 non
507 1739 555 1794 est
572 1739 611 1794 ut
628 1732 732 1809 possis
749 1734 890 1809 eredere,
908 1734 999 1794 sedes

158 1860 226 1902 esse
241 1841 339 1903 deum
354 1849 484 1903 sanetas
499 1841 535 1902 in
549 1841 666 1903 mundi
682 1842 834 1919 partibus
848 1842 935 1904 ullis.

159 1948 268 2010 tenuis
286 1949 373 2011 enim
389 1958 513 2014 natura
530 1952 628 2013 deum
645 1952 805 2028 longeque
825 1959 949 2015 remota

157 2058 308 2141 sensibus
322 2060 362 2121 ab
379 2060 500 2122 nostris
516 2060 618 2122 animi
633 2061 693 2123 uix
707 2068 815 2125 mente
832 2062 984 2138 uidetur;

157 2187 241 2244 quae
259 2168 414 2244 quoniam
429 2190 587 2231 manuum
603 2177 729 2233 tautum
744 2171 884 2248 suffugit
899 2178 931 2234 et
947 2172 1058 2248 ictum,

157 2276 270 2340 taotile
288 2277 337 2338 nil
354 2277 447 2340 nobis
465 2280 552 2355 quod
570 2279 613 2341 sit
631 2279 821 2357 contingere
838 2281 943 2344 debet.

158 2389 294 2464 tangere
310 2387 396 2448 enim
412 2408 479 2451 non
495 2388 567 2465 quit
584 2390 671 2466 quod
686 2389 781 2466 tangi
796 2411 862 2453 non
879 2391 955 2453 lieet
971 2390 1090 2468 ipsum.

67 2581 70 2587 .
114 2515 260 2571 —quare
278 2496 377 2559 etiam
392 2498 484 2559 sedes
501 2518 629 2575 quoque
645 2499 767 2561 nostris
784 2499 915 2562 sedibus
932 2520 998 2564 esse

158 2604 331 2668 dissimiles
349 2607 478 2683 debent,
495 2612 611 2671 tenues
629 2609 669 2671 de
687 2628 823 2685 eorpore
841 2629 970 2685 eorum;
1052 2588 1054 2591 ¹

157 2733 241 2790 quae
256 2714 318 2776 tibi
335 2716 503 2792 posterius
515 2717 608 2794 largo
624 2738 770 2780 sermone
787 2719 941 2795 probabo.

220 2910 454 2988 Disereporro
468 2910 638 2973 hominum
654 2931 753 2974 eausa
768 2912 911 2976 uoluisse
928 2933 1047 2990 parare

157 3020 362 3096 praeclaram
379 3019 497 3081 mundi
515 3027 670 3083 naturam
689 3028 929 3098 proptereaque

158 3128 367 3192 adlaudabile
385 3149 468 3206 opus
483 3128 595 3191 diuom
610 3130 748 3193 laudare
765 3131 879 3194 decere

158 3245 393 3315 aeternumque
411 3245 530 3315 putare
549 3246 647 3316 atque
666 3239 839 3301 inmortale
858 3240 1013 3303 futurum

158 3368 216 3410 neo
233 3346 286 3409 ias
303 3367 379 3424 esse,
397 3349 494 3411 deum
511 3348 600 3425 quod
614 3347 658 3410 sit
675 3348 802 3412 ratione
818 3356 952 3413 uetusta
1050 3403 1052 3409 ,

158 3455 311 3533 gentibus
327 3455 481 3519 humanis
498 3456 678 3520 fundatum
697 3466 858 3535 perpetuo
876 3480 966 3535 aeuo,

157 3565 333 3628 sollicitare
349 3565 418 3628 suis
433 3566 503 3628 ulla
518 3566 555 3629 ui
571 3587 610 3628 ex
626 3567 757 3629 sedibus
774 3588 931 3645 umquam

158 3695 216 3738 nee
231 3675 342 3737 uerbis
356 3696 478 3737 uexare
494 3683 525 3738 et
542 3677 582 3739 ab
599 3676 664 3738 imo
680 3683 827 3740 euertere
843 3698 978 3753 summa,

159 3791 267 3848 oetera
282 3785 323 3848 de
339 3805 457 3862 genere
472 3787 532 3848 hoo
549 3785 716 3863 adfingere
732 3792 764 3848 et
781 3787 912 3863 addere,
929 3786 1072 3863 Memmi,

156 3893 345 3970 desiperest.
386 3894 466 3972 quid
485 3892 571 3957 enim
589 3894 820 3957 inmortalibus
839 3901 937 3972 atque
955 3896 1060 3958 beatis

157 4002 266 4079 gratia
282 4010 397 4066 nostra
415 4010 513 4079 queat
531 4003 685 4080 largirier
704 4004 923 4080 emolumenti,

157 4118 195 4174 ut
209 4117 323 4174 nostra
338 4111 514 4189 quiequam
530 4132 628 4175 eausa
643 4132 755 4190 gerere
772 4112 1012 4190 adgrediuntur
1021 4116 1036 4176 l
1092 4136 1096 4154 ·

167 4242 216 4292 154
226 4242 294 4305 fort.
309 4245 340 4291 nt
355 4256 468 4305 corpora
654 4260 727 4312 [169]
