3234 4686
673 474 725 524 DE
743 473 875 523 RERVM
893 472 1048 523 NATVRA
1070 473 1111 522 1⁷1

380 688 509 766 fulgere
526 709 625 767 quam
642 697 779 752 cernant
796 689 892 766 oculi,
909 689 988 767 quia
1004 709 1132 767 semper
1149 689 1191 752 ad
1210 688 1301 752 auris

379 797 509 861 tardius
527 798 711 861 adueniunt
729 820 828 876 quam
844 799 954 862 uisum
971 819 1054 877 quae
1071 804 1226 862 moueant
1243 819 1304 862 res.
1350 812 1355 825 '

336 907 414 970 -id
431 908 508 970 licet
523 908 600 970 hinc
617 908 717 972 etiam
734 928 941 986 cognoscere:
960 910 1094 971 caedere
1111 908 1138 970 si
1156 926 1253 986 quem

379 1017 519 1095 ancipiti
537 1018 652 1081 uideas
669 1017 761 1081 ferro
778 1019 895 1096 procul
913 1018 1201 1094 arboris-auctum,

379 1132 456 1191 ante
472 1127 510 1190 fit
527 1133 566 1190 ut
582 1147 697 1190 cernas
713 1127 815 1190 ictum
832 1148 930 1206 quam
948 1128 1047 1205 plaga
1063 1148 1123 1206 per
1141 1126 1231 1190 auris

379 1238 435 1300 det
451 1237 612 1313 sonitum;
629 1237 675 1300 sic
691 1237 855 1315 fulgorem
872 1257 1001 1314 quoque
1017 1237 1181 1300 cernimus
1197 1243 1274 1323 ante

379 1367 478 1425 quam
494 1346 657 1409 tonitrum
673 1346 862 1424 accipimus
880 1346 1006 1424 pariter
1023 1346 1081 1424 qui
1096 1346 1244 1409 mittitur
1260 1345 1331 1424 igni

378 1478 396 1520 e
411 1455 511 1518 simili
527 1477 635 1532 causa,
653 1476 814 1519 concursu
830 1464 930 1518 natus
947 1457 1068 1519 eodem.

442 1566 514 1629 Hoc
530 1565 629 1628 etium
646 1573 744 1643 pacto
758 1565 887 1628 uolucri
903 1567 974 1628 loca
990 1565 1114 1628 lumine
1131 1565 1268 1643 tingunt

377 1677 481 1739 nubes
500 1681 532 1739 et
549 1676 692 1738 tremulo
709 1682 886 1752 tempestas
904 1674 1025 1753 impete
1044 1674 1156 1752 fulgit.

377 1790 500 1848 uentus
513 1784 571 1847 ubi
586 1784 711 1848 inuasit
725 1787 845 1847 nubem
862 1791 894 1847 et
908 1792 1061 1848 uersutus
1077 1784 1198 1847 ibidem

378 1894 459 1958 fecit
475 1902 513 1958 ut
531 1902 608 1958 ante
625 1916 740 1957 cauam
758 1894 855 1957 docui
872 1895 1063 1972 spissescere
1080 1896 1210 1971 nubem,

376 2004 559 2068 mobilitate
575 2025 636 2068 sua
652 2004 826 2081 feruescit;
844 2012 883 2067 ut
899 2004 1009 2068 omnia
1025 2011 1118 2067 motu

377 2114 600 2193 percalefacta
616 2114 710 2177 uides
728 2116 906 2190 ardescere,
925 2115 1078 2191 plumbea
1096 2134 1175 2177 uero

377 2225 471 2302 glans
489 2225 587 2287 etiam
604 2224 703 2302 longo
719 2245 818 2287 cursu
835 2224 1003 2287 uoluenda
1019 2223 1179 2301 liquescit.

378 2354 456 2413 crgo
471 2333 624 2397 feruidus
639 2334 693 2397 hic
710 2336 829 2397 nubem
847 2355 921 2396 cum
937 2333 1096 2411 perscidit
1113 2340 1229 2409 atrum,

377 2443 517 2522 dissipat
533 2444 661 2507 ardoris
677 2444 771 2521 quasi
787 2463 847 2521 per
862 2444 931 2506 uim
948 2463 1101 2521 expressa
1116 2451 1251 2521 repente

376 2553 500 2617 semina
517 2575 600 2631 quae
618 2554 748 2616 faciunt
766 2553 930 2617 nictantia
947 2553 1085 2631 fulgura
1102 2553 1268 2629 flammae3

376 2664 453 2727 inde
471 2684 577 2726 sonus
588 2664 738 2741 sequitur
757 2663 814 2740 qui
832 2663 962 2726 tardius
981 2663 1096 2726 adlicit
1114 2663 1205 2726 auris

376 2794 474 2851 quam
493 2794 576 2850 quae
595 2773 796 2851 perueniunt
815 2774 983 2836 oculorum
1002 2774 1043 2836 ad
1062 2772 1189 2837 lumina
1206 2780 1330 2835 nostra.

331 2883 499 2946 -scilicct
513 2884 573 2945 hoc
589 2883 698 2946 densis
712 2883 750 2945 fit
765 2883 910 2946 nubibus
924 2889 956 2946 et
971 2882 1069 2945 simul
1085 2883 1150 2946 alte

375 2993 535 3056 extructis
552 2993 626 3056 aliis
643 2993 725 3056 alias
741 3013 841 3070 super
858 2993 978 3071 impete
995 2992 1095 3069 miro;

374 3124 415 3166 ne
431 3103 493 3165 tibi
508 3103 551 3165 sit
568 3102 663 3165 frudi
679 3104 766 3180 quod
783 3123 842 3165 nos
857 3102 989 3165 inferne
1005 3102 1156 3165 'uidemus

375 3234 473 3290 quam
489 3213 556 3275 sint
571 3212 641 3275 lata
655 3212 759 3290 magis
776 3233 874 3289 quam
889 3232 1021 3274 sursum
1036 3218 1187 3274 extructa
1203 3210 1283 3289 quid
1300 3217 1418 3274 extent.

331 3323 614 3401 —contemplator
631 3321 727 3398 enim,
745 3343 819 3385 cum
835 3321 1001 3384 montibus
1019 3320 1218 3384 adsimulata

350 3492 354 3495 ,
374 3431 489 3495 nubila
506 3433 688 3509 portabunt
703 3431 796 3494 uenti
813 3438 1004 3494 transuersa
1021 3450 1205 3509 perituras,

374 3549 433 3605 aut
448 3542 506 3605 ubi
522 3563 581 3619 per
597 3562 732 3618 magnos
748 3540 869 3603 montis
885 3542 1052 3603 cumulata
1068 3539 1197 3603 uidebis

374 3652 510 3729 insuper
526 3672 593 3713 esse
609 3651 684 3714 aliis
700 3651 765 3714 alia
782 3657 880 3728 atque
897 3670 1040 3727 urguere
1057 3669 1202 3727 superna

373 3762 408 3823 in
427 3762 568 3825 statione
586 3762 693 3823 locata
711 3760 850 3838 sepultis
867 3758 1015 3836 undique
1033 3758 1151 3822 uentis.

374 3876 444 3934 tum
461 3871 585 3949 poteris
601 3890 737 3947 magnas
753 3871 852 3932 moles
869 3888 1060 3946 cognoscere
1078 3888 1190 3930 eorum

385 4004 434 4052 183
445 4004 517 4063 vulg.
532 4001 627 4053 adficit

385 4070 435 4119 192
445 4071 518 4130 vulg.
534 4083 654 4133 superne
