3190 4682
612 422 664 472 DE
682 421 815 472 RERVM
832 421 986 471 NATVBA
1006 421 1057 471 ΙΙΙ

320 637 356 699 in
371 638 465 700 nullo
479 644 580 715 eaput
595 636 722 700 interea
738 635 781 699 sit
797 636 885 699 forte
902 637 1022 699 dolore.

320 752 493 824 praeterea
507 746 597 808 molli
614 767 688 809 eum
703 766 817 808 somno
830 746 945 809 dedita
959 748 1104 809 membra

321 855 525 932 effusumque
540 855 624 918 iaeet
639 855 709 918 sine
724 875 821 919 sensu
836 875 955 933 eorpus
970 857 1158 932 honustum,

321 971 370 1026 est
385 964 477 1027 aliud
492 972 603 1028 tamen
618 965 655 1026 in
668 965 763 1027 nobis
778 966 866 1042 quod
881 972 1028 1043 tempore
1042 965 1078 1026 in
1094 965 1150 1027 illo

321 1070 524 1136 multimodis
540 1074 688 1152 agitatur
704 1081 737 1137 et
752 1074 857 1137 omnis
872 1075 992 1153 aeeipit
1008 1074 1043 1135 in
1058 1095 1091 1136 se

321 1181 467 1244 laetitiae
482 1189 591 1245 motus
607 1191 640 1247 et
656 1204 754 1247 ouras
769 1184 877 1247 eordis
892 1184 1011 1247 inanis.

341 1296 480 1358 -Nune
497 1294 640 1358 animam
656 1314 784 1371 quoque
800 1301 839 1379 ut
856 1293 891 1354 in
907 1293 1061 1356 membris
1078 1313 1269 1371 cognoscere
1286 1294 1390 1372 possis

321 1376 509 1482 esseneque
525 1403 697 1467 harmonia
714 1423 834 1480 eorpus
849 1402 989 1465 senteire
1005 1403 1117 1480 solere,

279 1513 489 1593 -prineipio
503 1513 541 1576 fit
557 1512 608 1575 uti
625 1513 775 1576 detraeto
789 1531 925 1589 eorpore
941 1512 1046 1574 multo

321 1643 418 1701 saepe
433 1630 544 1686 tamen
560 1622 655 1685 nobis
669 1623 704 1683 in
721 1621 875 1684 membris
889 1621 963 1685 uita
978 1629 1134 1684 moretur.
1389 1650 1395 1662 ·
1425 1619 1474 1669 120
1577 1594 1578 1685 i

322 1739 422 1810 atque
438 1732 552 1795 eadem
567 1751 710 1807 rursum,
728 1752 803 1794 eum
820 1751 958 1809 corpora
975 1752 1082 1809 pauea
1098 1731 1216 1795 ealoris

322 1841 485 1919 diffugere
503 1841 657 1918 forasque
677 1861 736 1919 per
755 1861 789 1903 os
806 1847 855 1904 est
873 1840 983 1904 editus
1000 1861 1066 1917 aer,

322 1950 444 2013 deserit
461 1951 624 2027 extemplo
640 1970 742 2013 uenas
758 1958 858 2027 atque
874 1970 945 2012 ossa
961 1950 1130 2027 relinquit.

322 2079 453 2122 noseere
469 2065 507 2122 ut
522 2059 599 2122 hine
615 2060 719 2137 possis
734 2079 800 2121 non
816 2079 936 2136 aequas
952 2059 1061 2122 omnia
1077 2058 1184 2137 partis

323 2187 462 2245 corpora
477 2169 596 2232 habere
612 2189 718 2246 neque
734 2190 774 2232 ex
789 2189 894 2246 aequo
908 2168 1029 2232 fuleire
1044 2169 1193 2245 salutem,

323 2278 380 2339 sed
394 2277 498 2355 magis
512 2278 601 2353 haee,
616 2277 709 2340 uenti
725 2299 807 2355 quae
822 2286 901 2341 sunt
915 2278 1079 2355 ealidique
1093 2277 1228 2356 uaporis

323 2386 456 2462 semina,
473 2406 590 2450 aurare
605 2387 640 2447 in
656 2388 810 2450 membris
824 2396 862 2451 ut
877 2388 951 2450 uita
965 2394 1121 2451 moretur.

308 2495 373 2571 (est
390 2495 495 2572 igitur
511 2496 599 2559 ealor
616 2517 653 2559 aa
669 2504 790 2559 uentus
805 2497 919 2560 uitalis
935 2497 970 2558 in
986 2497 1059 2575 ipso

324 2623 460 2682 eorpore
477 2604 534 2681 qui
550 2605 644 2668 nobis
659 2605 872 2669 moribundos
889 2607 1010 2669 deserit
1026 2607 1146 2684 artus.)

280 2720 528 2791 -quapropter
545 2715 700 2791 quoniam
718 2722 766 2777 est
784 2715 885 2778 animi
902 2722 1025 2779 natura
1041 2723 1175 2794 reperta

324 2830 423 2899 atque
439 2822 568 2887 animae
584 2824 678 2901 quasi
695 2845 773 2902 pars
789 2825 938 2901 hominis,
956 2827 1057 2888 redde
1072 2825 1257 2889 harmoniai

323 2951 451 3008 nomen,
469 2933 512 2996 ad
529 2933 699 3010 organicos
716 2935 784 2997 alto
800 2934 946 2997 delatum
964 2935 1133 3012 Helieoni3

324 3039 392 3103 sive
408 3041 542 3103 aliunde
557 3042 621 3119 ipsi
637 3063 738 3120 porro
752 3050 883 3107 traxere
899 3050 931 3107 et
947 3043 983 3105 in
999 3044 1090 3107 illam

324 3151 579 3227 transtulerunt,
596 3152 732 3229 proprio
750 3172 833 3229 quae
849 3160 921 3215 tum
937 3173 988 3215 res
1005 3154 1135 3216 nomine
1152 3156 1276 3232 egebat.

325 3258 488 3336 quidquid
503 3259 537 3321 id
552 3267 610 3337 est,
625 3262 785 3324 habeant:
801 3269 839 3324 tu
854 3270 963 3325 eetera
978 3263 1110 3341 pereipe
1126 3263 1224 3326 dieta.

475 3538 639 3588 ANIMVM
656 3538 704 3588 ET
723 3538 887 3587 ANIMAM
906 3537 1126 3588 CONIVNGTA
1144 3538 1235 3589 ESSE

387 3629 484 3690 Nune
501 3627 647 3689 animum
664 3634 762 3703 atque
778 3626 921 3689 animam
938 3627 1012 3689 dieo
1027 3627 1202 3690 eoniuneta
1218 3627 1322 3690 teneri

325 3737 413 3800 inter
428 3757 461 3800 se
477 3744 575 3813 atque
591 3757 692 3799 unam
707 3743 863 3798 naturam
879 3735 1035 3799 eonfieere
1051 3757 1090 3800 ex
1104 3757 1147 3813 se,

325 3847 382 3909 sed
398 3854 498 3924 eaput
514 3865 580 3907 esse
596 3846 690 3922 quasi
705 3852 737 3907 et
754 3845 917 3908 dominari
933 3846 968 3906 in
983 3865 1118 3923 eorpore
1133 3852 1203 3908 toto

326 3955 498 4018 eonsilium
512 3955 601 4032 quod
616 3975 675 4017 nos
691 3955 837 4017 animum
851 3960 1058 4031 mentemque
1072 3975 1237 4018 uoeamus

325 4064 425 4141 idque
441 4064 541 4126 situm
556 4064 664 4127 media
678 4064 810 4142 regione
827 4063 861 4125 in
877 4062 1018 4141 pectoris
1034 4064 1156 4127 haeret.

830 4201 887 4253 [84]
