3234 4684
716 437 747 485 T.
765 437 929 487 Lucanrl
946 438 1036 488 canl

345 649 524 729 indugredi
539 652 679 715 sceleris.
718 654 806 732 quod
823 660 939 717 contra
955 654 1087 732 saepius
1104 654 1163 717 illa

345 761 463 840 religio
476 762 607 840 peperit
622 763 781 827 scelerosa
795 771 895 841 atque
911 764 1014 842 impia
1030 763 1131 827 facta.

641 869 861 920 EXEMPLVM
886 870 1109 921 RELIGIONIS

343 956 467 1020 Aulide
483 977 550 1035 quo
565 965 662 1036 pacto
678 958 807 1022 Triuiai
821 959 965 1036 uirginis
981 980 1074 1022 aram

343 1065 554 1144 Iphianassai
568 1075 752 1146 turparunt
767 1069 928 1146 sanguine
943 1068 1040 1132 foede

344 1176 497 1240 ductores
513 1178 668 1241 Danaum
685 1178 813 1255 delecti,
831 1179 940 1257 prima
956 1178 1116 1241 uirorum.

344 1286 398 1349 cui
413 1287 513 1350 simul
527 1287 639 1351 infula
653 1287 821 1366 uirgineos
837 1288 1043 1351 circumdata
1058 1293 1209 1366 comptus

342 1415 384 1458 ex
398 1404 540 1475 utraque
556 1397 632 1476 pari
647 1399 810 1460 malarum
826 1405 923 1476 parte
939 1397 1120 1476 profusast,

342 1512 376 1569 et
390 1513 551 1570 maestum
565 1507 664 1570 simul
677 1515 754 1571 ante
768 1528 844 1571 aras
858 1509 991 1571 adstare
1005 1514 1177 1585 parentem

340 1616 444 1679 sensit
459 1623 492 1678 et
506 1617 595 1679 hunc
610 1624 748 1695 propter
764 1617 893 1680 ferrum
908 1616 1013 1679 celare
1028 1616 1198 1679 ministros

342 1734 543 1804 aspectuque
559 1746 619 1789 suo
633 1726 786 1790 lacrimas
802 1727 972 1790 effundere
987 1725 1078 1802 civis,

341 1842 435 1899 muta
450 1843 540 1899 metu
555 1843 680 1899 terram
696 1836 835 1914 genibus
850 1835 1024 1899 summissa
1039 1836 1181 1913 petebat.

299 1966 401 2010 -cec
417 1945 555 2009 miserae
570 1946 724 2023 prodesse
739 1946 775 2007 in
789 1946 852 2008 tali
866 1952 1014 2022 tempore
1029 1944 1145 2022 quibat

342 2056 430 2133 quod
447 2055 559 2133 patrio
573 2055 728 2133 princeps
744 2056 886 2118 donarat
901 2054 1033 2117 nomine
1048 2073 1175 2131 regem;

341 2185 419 2228 cam
433 2164 564 2227 sublata
578 2163 690 2227 uirum
704 2164 858 2227 manibus
871 2163 1147 2240 tremibundaque
1163 2163 1206 2226 ad
1221 2183 1296 2226 aras

342 2274 526 2350 deductast,
543 2294 610 2337 non
625 2280 664 2337 ut
680 2273 829 2336 sollemni
845 2294 934 2336 more
951 2292 1117 2335 sacrorum

343 2383 491 2462 perfecto
508 2392 617 2462 posset
633 2384 723 2446 claro
738 2383 888 2445 comitari
905 2383 1106 2458 Hymenaeo,

342 2494 400 2556 sed
416 2500 506 2557 casta
521 2493 643 2556 inceste
659 2492 806 2556 nubendi
821 2499 968 2570 tempore
984 2491 1108 2569 inipso

342 2603 450 2666 hostia
466 2596 652 2666 concideret
667 2607 814 2665 mactatu
829 2608 953 2664 maesta
970 2601 1128 2678 parentis,

342 2712 451 2775 exitus
465 2719 505 2775 ut
520 2712 616 2774 classi
632 2711 715 2773 felix
730 2711 926 2788 faustusque
941 2710 1090 2773 daretur.

299 2828 474 2885 —tantum
489 2821 606 2899 religio
621 2821 731 2899 potuit
746 2821 885 2883 suadere
900 2820 1072 2882 malorum.

407 3016 558 3079 Tutemet
573 3014 700 3078 anobis
715 3015 780 3077 iam
795 3013 913 3091 quouis
927 3020 1074 3091 tempore
1089 3018 1206 3075 uatum

342 3125 533 3203 terriloquis
548 3124 658 3187 uictus
674 3124 772 3187 dictis
788 3123 965 3186 desciscere
981 3142 1127 3200 quaeres.

300 3235 467 3314 -quippe
483 3234 603 3298 etenim
617 3255 716 3311 quam
730 3233 835 3296 multa
849 3233 912 3295 tibi
926 3233 991 3295 iam
1006 3232 1130 3309 fingere
1145 3237 1283 3310 possunt

342 3343 468 3408 somnia
482 3365 566 3421 quae
579 3343 669 3406 uitae
683 3343 827 3405 rationes
841 3348 971 3404 uertere
985 3341 1112 3418 possint

343 3454 562 3531 fortunasque
578 3458 654 3515 tuas
672 3451 777 3514 omnis
794 3452 930 3514 turbare
947 3450 1082 3512 timore!

731 3557 836 3607 FINIS
853 3554 1015 3607 DOLORIS

344 3654 376 3712 et
390 3647 525 3723 merito;
540 3667 617 3709 nam
632 3646 660 3709 si
676 3654 799 3709 certam
813 3645 912 3708 finem
927 3663 994 3707 esse
1009 3642 1164 3706 uiderent

343 3777 577 3821 aerumnarum
593 3755 749 3831 homines,
768 3754 879 3831 aliqua
895 3753 1023 3816 ratione
1039 3752 1191 3815 ualerent

343 3865 557 3945 religionibus
575 3871 674 3941 atque
691 3863 791 3925 minis
807 3863 962 3926 obsistere
979 3868 1105 3925 uatum.

300 3997 432 4039 -mnnc
447 3974 535 4038 ratio
549 3975 643 4037 nulla
658 3979 707 4035 est
722 3972 880 4048 restandi,
897 3971 991 4034 nulla
1006 3970 1159 4046 facultas,

344 4091 494 4149 aeternas
511 4083 665 4161 quoniam
682 4101 803 4160 poenas
821 4081 856 4143 in
872 4087 976 4143 morte
993 4079 1194 4155 timendum3

854 4219 896 4272 [4]
