<?xml version="1.0" encoding="UTF-8"?>
<!DOCTYPE html PUBLIC "-//W3C//DTD XHTML 1.0 Transitional//EN"
    "http://www.w3.org/TR/xhtml1/DTD/xhtml1-transitional.dtd">
<html xmlns="http://www.w3.org/1999/xhtml" xml:lang="en" lang="en">
 <head>
  <title>
</title>
<meta http-equiv="Content-Type" content="text/html;charset=utf-8" />
  <meta name='ocr-system' content='tesseract 3.04.00' />
  <meta name='ocr-capabilities' content='ocr_page ocr_carea ocr_par ocr_line ocrx_word'/>
</head>
<body>
  <div class='ocr_page' id='page_1' title='image "./lvcretiderervmn00merrgoog_0035.png"; bbox 0 0 3234 4684; ppageno 0'>
   <div class='ocr_carea' id='block_1_1' title="bbox 725 442 1044 493">
    <p class='ocr_par' dir='ltr' id='par_1_1' title="bbox 725 442 1044 493">
     <span class='ocr_line' id='line_1_1' title="bbox 725 442 1044 493; baseline 0.006 -3"><span class='ocrx_word' id='word_1_1' title='bbox 725 443 755 491; x_wconf 82' lang='grc' dir='ltr'>Τ.</span> <span class='ocrx_word' id='word_1_2' title='bbox 775 442 937 492; x_wconf 81' lang='lat' dir='ltr'><strong><em>LVGRETI</em></strong></span> <span class='ocrx_word' id='word_1_3' title='bbox 955 443 1044 493; x_wconf 81' lang='lat' dir='ltr'><em>CARI</em></span> 
     </span>
    </p>
   </div>
   <div class='ocr_carea' id='block_1_2' title="bbox 311 654 1306 2488">
    <p class='ocr_par' dir='ltr' id='par_1_2' title="bbox 355 654 1105 735">
     <span class='ocr_line' id='line_1_2' title="bbox 355 654 1105 735; baseline 0.004 -19"><span class='ocrx_word' id='word_1_4' title='bbox 355 654 526 718; x_wconf 83' lang='lat' dir='ltr'>dimidiam</span> <span class='ocrx_word' id='word_1_5' title='bbox 544 663 673 734; x_wconf 89' lang='lat' dir='ltr'>partem</span> <span class='ocrx_word' id='word_1_6' title='bbox 690 677 750 719; x_wconf 89' lang='lat' dir='ltr'>nec</span> <span class='ocrx_word' id='word_1_7' title='bbox 767 677 819 720; x_wconf 88' lang='lat' dir='ltr'>res</span> <span class='ocrx_word' id='word_1_8' title='bbox 836 656 1010 735; x_wconf 91' lang='lat' dir='ltr'>praefiniet</span> <span class='ocrx_word' id='word_1_9' title='bbox 1027 657 1105 720; x_wconf 90' lang='lat' dir='ltr'>ulla.</span> 
     </span>
    </p>

    <p class='ocr_par' dir='ltr' id='par_1_3' title="bbox 311 765 1306 1720">
     <span class='ocr_line' id='line_1_3' title="bbox 311 765 1306 844; baseline 0.004 -18"><span class='ocrx_word' id='word_1_10' title='bbox 311 784 433 843; x_wconf 89' lang='lat' dir='ltr'>-ergo</span> <span class='ocrx_word' id='word_1_11' title='bbox 448 784 560 827; x_wconf 89' lang='lat' dir='ltr'>rerum</span> <span class='ocrx_word' id='word_1_12' title='bbox 577 765 664 828; x_wconf 90' lang='lat' dir='ltr'>inter</span> <span class='ocrx_word' id='word_1_13' title='bbox 680 787 840 829; x_wconf 87' lang='lat' dir='ltr'>summam</span> <span class='ocrx_word' id='word_1_14' title='bbox 857 767 1090 844; x_wconf 84' lang='lat' dir='ltr'>minimamque</span> <span class='ocrx_word' id='word_1_15' title='bbox 1108 767 1189 844; x_wconf 90' lang='lat' dir='ltr'>quid</span> <span class='ocrx_word' id='word_1_16' title='bbox 1206 767 1306 830; x_wconf 85' lang='lat' dir='ltr'>escitl</span> 
     </span>
     <span class='ocr_line' id='line_1_4' title="bbox 354 874 1222 954; baseline 0.006 -20"><span class='ocrx_word' id='word_1_17' title='bbox 354 874 404 936; x_wconf 90' lang='lat' dir='ltr'>nil</span> <span class='ocrx_word' id='word_1_18' title='bbox 420 874 483 938; x_wconf 91' lang='lat' dir='ltr'>erit</span> <span class='ocrx_word' id='word_1_19' title='bbox 497 882 537 937; x_wconf 90' lang='lat' dir='ltr'>ut</span> <span class='ocrx_word' id='word_1_20' title='bbox 553 876 670 952; x_wconf 88' lang='lat' dir='ltr'>distet;</span> <span class='ocrx_word' id='word_1_21' title='bbox 686 897 763 938; x_wconf 90' lang='lat' dir='ltr'>nam</span> <span class='ocrx_word' id='word_1_22' title='bbox 779 877 930 954; x_wconf 89' lang='lat' dir='ltr'>quamuis</span> <span class='ocrx_word' id='word_1_23' title='bbox 946 876 1102 938; x_wconf 82' lang='lat' dir='ltr'>funditus</span> <span class='ocrx_word' id='word_1_24' title='bbox 1118 877 1222 939; x_wconf 88' lang='lat' dir='ltr'>omnis</span> 
     </span>
     <span class='ocr_line' id='line_1_5' title="bbox 354 984 1250 1064; baseline 0.003 -18"><span class='ocrx_word' id='word_1_25' title='bbox 354 1004 482 1047; x_wconf 87' lang='lat' dir='ltr'>summa</span> <span class='ocrx_word' id='word_1_26' title='bbox 497 984 540 1047; x_wconf 87' lang='lat' dir='ltr'>sit</span> <span class='ocrx_word' id='word_1_27' title='bbox 555 985 696 1062; x_wconf 88' lang='lat' dir='ltr'>infinita,</span> <span class='ocrx_word' id='word_1_28' title='bbox 713 993 833 1062; x_wconf 84' lang='lat' dir='ltr'>tamen,</span> <span class='ocrx_word' id='word_1_29' title='bbox 850 986 1048 1064; x_wconf 87' lang='lat' dir='ltr'>paruissima</span> <span class='ocrx_word' id='word_1_30' title='bbox 1063 1006 1146 1064; x_wconf 90' lang='lat' dir='ltr'>quae</span> <span class='ocrx_word' id='word_1_31' title='bbox 1162 993 1250 1064; x_wconf 88' lang='lat' dir='ltr'>sunt,</span> 
     </span>
     <span class='ocr_line' id='line_1_6' title="bbox 355 1094 1065 1173; baseline 0.001 -16"><span class='ocrx_word' id='word_1_32' title='bbox 355 1116 395 1157; x_wconf 85' lang='lat' dir='ltr'>ex</span> <span class='ocrx_word' id='word_1_33' title='bbox 412 1094 552 1161; x_wconf 86' lang='lat' dir='ltr'>infinitis</span> <span class='ocrx_word' id='word_1_34' title='bbox 569 1096 767 1158; x_wconf 89' lang='lat' dir='ltr'>constabunt</span> <span class='ocrx_word' id='word_1_35' title='bbox 784 1096 937 1173; x_wconf 87' lang='lat' dir='ltr'>partibus</span> <span class='ocrx_word' id='word_1_36' title='bbox 954 1117 1065 1173; x_wconf 88' lang='lat' dir='ltr'>aeque.</span> 
     </span>
     <span class='ocr_line' id='line_1_7' title="bbox 355 1204 1170 1283; baseline 0.002 -17"><span class='ocrx_word' id='word_1_37' title='bbox 355 1206 443 1282; x_wconf 89' lang='lat' dir='ltr'>quod</span> <span class='ocrx_word' id='word_1_38' title='bbox 460 1204 615 1281; x_wconf 91' lang='lat' dir='ltr'>quoniam</span> <span class='ocrx_word' id='word_1_39' title='bbox 633 1205 719 1267; x_wconf 93' lang='lat' dir='ltr'>ratio</span> <span class='ocrx_word' id='word_1_40' title='bbox 736 1206 894 1268; x_wconf 87' lang='lat' dir='ltr'>reclamat</span> <span class='ocrx_word' id='word_1_41' title='bbox 909 1225 989 1268; x_wconf 90' lang='lat' dir='ltr'>uera</span> <span class='ocrx_word' id='word_1_42' title='bbox 1007 1212 1170 1283; x_wconf 79' lang='lat' dir='ltr'>negatque</span> 
     </span>
     <span class='ocr_line' id='line_1_8' title="bbox 355 1313 1214 1398; baseline 0.002 -22"><span class='ocrx_word' id='word_1_43' title='bbox 355 1315 487 1377; x_wconf 89' lang='lat' dir='ltr'>credere</span> <span class='ocrx_word' id='word_1_44' title='bbox 504 1334 596 1392; x_wconf 90' lang='lat' dir='ltr'>posse</span> <span class='ocrx_word' id='word_1_45' title='bbox 613 1313 768 1390; x_wconf 90' lang='lat' dir='ltr'>animum,</span> <span class='ocrx_word' id='word_1_46' title='bbox 786 1314 897 1376; x_wconf 86' lang='lat' dir='ltr'>uictus</span> <span class='ocrx_word' id='word_1_47' title='bbox 911 1314 1038 1398; x_wconf 81' lang='lat' dir='ltr'>fateare</span> <span class='ocrx_word' id='word_1_48' title='bbox 1054 1323 1214 1378; x_wconf 86' lang='lat' dir='ltr'>necessest</span> 
     </span>
     <span class='ocr_line' id='line_1_9' title="bbox 355 1424 1254 1501; baseline -0.001 -14"><span class='ocrx_word' id='word_1_49' title='bbox 355 1444 422 1487; x_wconf 89' lang='lat' dir='ltr'>esse</span> <span class='ocrx_word' id='word_1_50' title='bbox 438 1445 476 1487; x_wconf 90' lang='lat' dir='ltr'>ea</span> <span class='ocrx_word' id='word_1_51' title='bbox 491 1444 574 1501; x_wconf 91' lang='lat' dir='ltr'>quae</span> <span class='ocrx_word' id='word_1_52' title='bbox 589 1425 691 1486; x_wconf 90' lang='lat' dir='ltr'>nullis</span> <span class='ocrx_word' id='word_1_53' title='bbox 706 1424 771 1486; x_wconf 89' lang='lat' dir='ltr'>iam</span> <span class='ocrx_word' id='word_1_54' title='bbox 788 1424 941 1501; x_wconf 89' lang='lat' dir='ltr'>praedita</span> <span class='ocrx_word' id='word_1_55' title='bbox 956 1424 1108 1501; x_wconf 83' lang='lat' dir='ltr'>partibus</span> <span class='ocrx_word' id='word_1_56' title='bbox 1125 1431 1254 1500; x_wconf 80' lang='lat' dir='ltr'>extent3</span> 
     </span>
     <span class='ocr_line' id='line_1_10' title="bbox 356 1533 1254 1610; baseline 0.001 -15"><span class='ocrx_word' id='word_1_57' title='bbox 356 1541 388 1595; x_wconf 86' lang='lat' dir='ltr'>et</span> <span class='ocrx_word' id='word_1_58' title='bbox 403 1533 539 1596; x_wconf 91' lang='lat' dir='ltr'>minima</span> <span class='ocrx_word' id='word_1_59' title='bbox 556 1540 708 1596; x_wconf 90' lang='lat' dir='ltr'>constant</span> <span class='ocrx_word' id='word_1_60' title='bbox 725 1541 856 1596; x_wconf 89' lang='lat' dir='ltr'>natura.</span> <span class='ocrx_word' id='word_1_61' title='bbox 895 1553 978 1610; x_wconf 87' lang='lat' dir='ltr'>quae</span> <span class='ocrx_word' id='word_1_62' title='bbox 995 1533 1150 1610; x_wconf 90' lang='lat' dir='ltr'>quoniam</span> <span class='ocrx_word' id='word_1_63' title='bbox 1167 1541 1254 1610; x_wconf 90' lang='lat' dir='ltr'>sunt,</span> 
     </span>
     <span class='ocr_line' id='line_1_11' title="bbox 355 1643 1300 1720; baseline 0.002 -17"><span class='ocrx_word' id='word_1_64' title='bbox 355 1643 415 1706; x_wconf 91' lang='lat' dir='ltr'>illa</span> <span class='ocrx_word' id='word_1_65' title='bbox 429 1664 557 1720; x_wconf 91' lang='lat' dir='ltr'>quoque</span> <span class='ocrx_word' id='word_1_66' title='bbox 572 1664 639 1706; x_wconf 91' lang='grc'><strong>1111</strong></span> <span class='ocrx_word' id='word_1_67' title='bbox 654 1643 716 1704; x_wconf 89' lang='lat' dir='ltr'>tibi</span> <span class='ocrx_word' id='word_1_68' title='bbox 732 1643 837 1706; x_wconf 89' lang='lat' dir='ltr'>solida</span> <span class='ocrx_word' id='word_1_69' title='bbox 851 1651 950 1720; x_wconf 89' lang='lat' dir='ltr'>atque</span> <span class='ocrx_word' id='word_1_70' title='bbox 966 1650 1101 1706; x_wconf 89' lang='lat' dir='ltr'>aeterna</span> <span class='ocrx_word' id='word_1_71' title='bbox 1115 1643 1300 1706; x_wconf 87' lang='lat' dir='ltr'>fatendum.</span> 
     </span>
    </p>

    <p class='ocr_par' dir='ltr' id='par_1_4' title="bbox 355 1752 1230 1940">
     <span class='ocr_line' id='line_1_12' title="bbox 375 1752 1230 1830; baseline 0 -17"><span class='ocrx_word' id='word_1_72' title='bbox 375 1752 569 1829; x_wconf 88' lang='lat' dir='ltr'>—Denique</span> <span class='ocrx_word' id='word_1_73' title='bbox 585 1753 613 1814; x_wconf 89' lang='lat' dir='ltr'>si</span> <span class='ocrx_word' id='word_1_74' title='bbox 629 1752 781 1815; x_wconf 90' lang='lat' dir='ltr'>minimas</span> <span class='ocrx_word' id='word_1_75' title='bbox 798 1753 833 1813; x_wconf 93' lang='lat' dir='ltr'>in</span> <span class='ocrx_word' id='word_1_76' title='bbox 850 1753 958 1830; x_wconf 89' lang='lat' dir='ltr'>partis</span> <span class='ocrx_word' id='word_1_77' title='bbox 973 1760 1093 1815; x_wconf 86' lang='lat' dir='ltr'>cuncta</span> <span class='ocrx_word' id='word_1_78' title='bbox 1109 1753 1230 1815; x_wconf 88' lang='lat' dir='ltr'>resolui</span> 
     </span>
     <span class='ocr_line' id='line_1_13' title="bbox 355 1863 1110 1940; baseline 0 -16"><span class='ocrx_word' id='word_1_79' title='bbox 355 1882 469 1939; x_wconf 90' lang='lat' dir='ltr'>cogere</span> <span class='ocrx_word' id='word_1_80' title='bbox 486 1869 671 1925; x_wconf 85' lang='lat' dir='ltr'>consuesset</span> <span class='ocrx_word' id='word_1_81' title='bbox 688 1883 800 1925; x_wconf 90' lang='lat' dir='ltr'>rerum</span> <span class='ocrx_word' id='word_1_82' title='bbox 817 1870 941 1925; x_wconf 89' lang='lat' dir='ltr'>natura</span> <span class='ocrx_word' id='word_1_83' title='bbox 956 1863 1110 1940; x_wconf 84' lang='lat' dir='ltr'>creatrix,</span> 
     </span>
    </p>

    <p class='ocr_par' dir='ltr' id='par_1_5' title="bbox 355 1972 1258 2488">
     <span class='ocr_line' id='line_1_14' title="bbox 356 1972 1097 2049; baseline 0.001 -16"><span class='ocrx_word' id='word_1_84' title='bbox 356 1972 422 2034; x_wconf 90' lang='lat' dir='ltr'>iam</span> <span class='ocrx_word' id='word_1_85' title='bbox 437 1972 486 2032; x_wconf 91' lang='lat' dir='ltr'>nil</span> <span class='ocrx_word' id='word_1_86' title='bbox 503 1992 542 2033; x_wconf 85' lang='lat' dir='ltr'>ex</span> <span class='ocrx_word' id='word_1_87' title='bbox 558 1972 626 2033; x_wconf 92' lang='lat' dir='ltr'>illis</span> <span class='ocrx_word' id='word_1_88' title='bbox 640 1972 753 2034; x_wconf 91' lang='lat' dir='ltr'>eadem</span> <span class='ocrx_word' id='word_1_89' title='bbox 769 1992 925 2049; x_wconf 89' lang='lat' dir='ltr'>reparare</span> <span class='ocrx_word' id='word_1_90' title='bbox 941 1973 1069 2034; x_wconf 89' lang='lat' dir='ltr'>ualeret</span> <span class='ocrx_word' id='word_1_91' title='bbox 1096 2042 1097 2045; x_wconf 8' lang='grc' dir='ltr'><strong>Ἴ</strong></span> 
     </span>
     <span class='ocr_line' id='line_1_15' title="bbox 357 2081 1248 2159; baseline 0.002 -17"><span class='ocrx_word' id='word_1_92' title='bbox 357 2088 533 2159; x_wconf 90' lang='lat' dir='ltr'>propterea</span> <span class='ocrx_word' id='word_1_93' title='bbox 551 2081 638 2158; x_wconf 89' lang='lat' dir='ltr'>quia,</span> <span class='ocrx_word' id='word_1_94' title='bbox 656 2102 740 2159; x_wconf 90' lang='lat' dir='ltr'>quae</span> <span class='ocrx_word' id='word_1_95' title='bbox 757 2082 858 2144; x_wconf 88' lang='lat' dir='ltr'>nullis</span> <span class='ocrx_word' id='word_1_96' title='bbox 876 2087 954 2144; x_wconf 90' lang='lat' dir='ltr'>sunt</span> <span class='ocrx_word' id='word_1_97' title='bbox 972 2082 1124 2159; x_wconf 88' lang='lat' dir='ltr'>partibus</span> <span class='ocrx_word' id='word_1_98' title='bbox 1142 2089 1248 2158; x_wconf 90' lang='lat' dir='ltr'>aucta,</span> 
     </span>
     <span class='ocr_line' id='line_1_16' title="bbox 355 2191 1142 2269; baseline 0.004 -17"><span class='ocrx_word' id='word_1_99' title='bbox 355 2212 422 2253; x_wconf 91' lang='lat' dir='ltr'>non</span> <span class='ocrx_word' id='word_1_100' title='bbox 438 2199 576 2269; x_wconf 88' lang='lat' dir='ltr'>possunt</span> <span class='ocrx_word' id='word_1_101' title='bbox 591 2212 628 2254; x_wconf 93' lang='lat' dir='ltr'>ea</span> <span class='ocrx_word' id='word_1_102' title='bbox 644 2212 727 2268; x_wconf 89' lang='lat' dir='ltr'>quae</span> <span class='ocrx_word' id='word_1_103' title='bbox 744 2192 839 2253; x_wconf 88' lang='lat' dir='ltr'>debet</span> <span class='ocrx_word' id='word_1_104' title='bbox 855 2191 1008 2269; x_wconf 88' lang='lat' dir='ltr'>genitalis</span> <span class='ocrx_word' id='word_1_105' title='bbox 1023 2193 1142 2255; x_wconf 90' lang='lat' dir='ltr'>habere</span> 
     </span>
     <span class='ocr_line' id='line_1_17' title="bbox 356 2300 1100 2379; baseline 0.001 -17"><span class='ocrx_word' id='word_1_106' title='bbox 356 2301 518 2377; x_wconf 73' lang='lat' dir='ltr'>materies</span> <span class='ocrx_word' id='word_1_107' title='bbox 534 2300 646 2363; x_wconf 86' lang='lat' dir='ltr'>uarios</span> <span class='ocrx_word' id='word_1_108' title='bbox 662 2321 803 2363; x_wconf 85' lang='lat' dir='ltr'>conexus</span> <span class='ocrx_word' id='word_1_109' title='bbox 820 2302 968 2379; x_wconf 91' lang='lat' dir='ltr'>pondera</span> <span class='ocrx_word' id='word_1_110' title='bbox 984 2302 1100 2378; x_wconf 85' lang='lat' dir='ltr'>plagas</span> 
     </span>
     <span class='ocr_line' id='line_1_18' title="bbox 357 2417 1258 2488; baseline -0.002 -15"><span class='ocrx_word' id='word_1_111' title='bbox 357 2431 535 2473; x_wconf 87' lang='lat' dir='ltr'>concursus</span> <span class='ocrx_word' id='word_1_112' title='bbox 551 2418 659 2473; x_wconf 91' lang='lat' dir='ltr'>motus</span> <span class='ocrx_word' id='word_1_113' title='bbox 677 2431 736 2488; x_wconf 91' lang='lat' dir='ltr'>per</span> <span class='ocrx_word' id='word_1_114' title='bbox 754 2431 834 2487; x_wconf 86' lang='lat' dir='ltr'>quos</span> <span class='ocrx_word' id='word_1_115' title='bbox 852 2431 903 2472; x_wconf 90' lang='lat' dir='ltr'>res</span> <span class='ocrx_word' id='word_1_116' title='bbox 921 2429 1067 2487; x_wconf 89' lang='lat' dir='ltr'>quaeque</span> <span class='ocrx_word' id='word_1_117' title='bbox 1087 2417 1258 2488; x_wconf 85' lang='lat' dir='ltr'>geruntur.</span> 
     </span>
    </p>
   </div>
   <div class='ocr_carea' id='block_1_3' title="bbox 421 2600 1287 2769">
    <p class='ocr_par' dir='ltr' id='par_1_6' title="bbox 421 2600 1287 2769">
     <span class='ocr_line' id='line_1_19' title="bbox 674 2600 1100 2651; baseline -0.007 0"><span class='ocrx_word' id='word_1_118' title='bbox 674 2602 825 2651; x_wconf 80' lang='lat' dir='ltr'><strong>CONTRA</strong></span> <span class='ocrx_word' id='word_1_119' title='bbox 847 2600 1100 2651; x_wconf 84' lang='lat' dir='ltr'><strong>HERACLITVM</strong></span> 
     </span>
     <span class='ocr_line' id='line_1_20' title="bbox 421 2691 1287 2769; baseline -0.002 -16"><span class='ocrx_word' id='word_1_120' title='bbox 421 2691 633 2769; x_wconf 83' lang='lat' dir='ltr'>Quapropter</span> <span class='ocrx_word' id='word_1_121' title='bbox 650 2691 708 2767; x_wconf 92' lang='lat' dir='ltr'>qui</span> <span class='ocrx_word' id='word_1_122' title='bbox 724 2691 894 2754; x_wconf 87' lang='lat' dir='ltr'>materiem</span> <span class='ocrx_word' id='word_1_123' title='bbox 910 2710 1021 2751; x_wconf 91' lang='lat' dir='ltr'>rerum</span> <span class='ocrx_word' id='word_1_124' title='bbox 1039 2710 1105 2752; x_wconf 89' lang='lat' dir='ltr'>esse</span> <span class='ocrx_word' id='word_1_125' title='bbox 1123 2696 1287 2767; x_wconf 89' lang='lat' dir='ltr'>putarunt</span> 
     </span>
    </p>
   </div>
   <div class='ocr_carea' id='block_1_4' title="bbox 320 2799 1318 3973">
    <p class='ocr_par' dir='ltr' id='par_1_7' title="bbox 356 2799 1185 3096">
     <span class='ocr_line' id='line_1_21' title="bbox 357 2799 1185 2878; baseline 0 -17"><span class='ocrx_word' id='word_1_126' title='bbox 357 2801 466 2878; x_wconf 84' lang='lat' dir='ltr'>ignem</span> <span class='ocrx_word' id='word_1_127' title='bbox 483 2807 581 2878; x_wconf 89' lang='lat' dir='ltr'>atque</span> <span class='ocrx_word' id='word_1_128' title='bbox 598 2823 637 2864; x_wconf 84' lang='lat' dir='ltr'>ex</span> <span class='ocrx_word' id='word_1_129' title='bbox 653 2800 724 2877; x_wconf 87' lang='lat' dir='ltr'>igni</span> <span class='ocrx_word' id='word_1_130' title='bbox 740 2821 900 2863; x_wconf 87' lang='lat' dir='ltr'>summam</span> <span class='ocrx_word' id='word_1_131' title='bbox 916 2799 1092 2862; x_wconf 82' lang='lat' dir='ltr'>consistere</span> <span class='ocrx_word' id='word_1_132' title='bbox 1109 2800 1185 2875; x_wconf 87' lang='lat' dir='ltr'>solo,</span> 
     </span>
     <span class='ocr_line' id='line_1_22' title="bbox 357 2908 1156 2988; baseline 0 -17"><span class='ocrx_word' id='word_1_133' title='bbox 357 2930 477 2988; x_wconf 89' lang='lat' dir='ltr'>magno</span> <span class='ocrx_word' id='word_1_134' title='bbox 494 2930 590 2987; x_wconf 91' lang='lat' dir='ltr'>opere</span> <span class='ocrx_word' id='word_1_135' title='bbox 608 2931 627 2973; x_wconf 88' lang='lat' dir='ltr'>a</span> <span class='ocrx_word' id='word_1_136' title='bbox 642 2931 723 2973; x_wconf 90' lang='lat' dir='ltr'>uera</span> <span class='ocrx_word' id='word_1_137' title='bbox 740 2910 826 2987; x_wconf 89' lang='lat' dir='ltr'>lapsi</span> <span class='ocrx_word' id='word_1_138' title='bbox 843 2909 970 2971; x_wconf 85' lang='lat' dir='ltr'>ratione</span> <span class='ocrx_word' id='word_1_139' title='bbox 987 2908 1156 2971; x_wconf 91' lang='lat' dir='ltr'>uidentur.</span> 
     </span>
     <span class='ocr_line' id='line_1_23' title="bbox 356 3018 1175 3096; baseline -0.002 -14"><span class='ocrx_word' id='word_1_140' title='bbox 356 3020 550 3083; x_wconf 77' lang='lat' dir='ltr'>Heraclitus</span> <span class='ocrx_word' id='word_1_141' title='bbox 567 3020 630 3082; x_wconf 91' lang='lat' dir='ltr'>init</span> <span class='ocrx_word' id='word_1_142' title='bbox 649 3040 789 3096; x_wconf 90' lang='lat' dir='ltr'>quorum</span> <span class='ocrx_word' id='word_1_143' title='bbox 808 3021 876 3081; x_wconf 88' lang='lat' dir='ltr'>dux</span> <span class='ocrx_word' id='word_1_144' title='bbox 895 3018 1021 3095; x_wconf 88' lang='lat' dir='ltr'>proelia</span> <span class='ocrx_word' id='word_1_145' title='bbox 1038 3018 1175 3095; x_wconf 72' lang='lat' dir='ltr'>primus</span> 
     </span>
    </p>

    <p class='ocr_par' dir='ltr' id='par_1_8' title="bbox 320 3126 1318 3205">
     <span class='ocr_line' id='line_1_24' title="bbox 320 3126 1318 3205; baseline -0.003 -13"><span class='ocrx_word' id='word_1_146' title='bbox 320 3174 321 3181; x_wconf 40' lang='lat'>1</span> <span class='ocrx_word' id='word_1_147' title='bbox 357 3131 466 3193; x_wconf 90' lang='lat' dir='ltr'>clarus</span> <span class='ocrx_word' id='word_1_148' title='bbox 489 3130 603 3200; x_wconf 91' lang='lat' dir='ltr'>&lt;ob&gt;</span> <span class='ocrx_word' id='word_1_149' title='bbox 625 3131 797 3192; x_wconf 79' lang='lat' dir='ltr'>obscuram</span> <span class='ocrx_word' id='word_1_150' title='bbox 814 3129 962 3205; x_wconf 90' lang='lat' dir='ltr'>linguam</span> <span class='ocrx_word' id='word_1_151' title='bbox 980 3127 1084 3205; x_wconf 86' lang='lat' dir='ltr'>magis</span> <span class='ocrx_word' id='word_1_152' title='bbox 1102 3127 1190 3189; x_wconf 89' lang='lat' dir='ltr'>inter</span> <span class='ocrx_word' id='word_1_153' title='bbox 1208 3126 1318 3189; x_wconf 89' lang='lat' dir='ltr'>inanis</span> 
     </span>
    </p>

    <p class='ocr_par' dir='ltr' id='par_1_9' title="bbox 358 3237 1250 3755">
     <span class='ocr_line' id='line_1_25' title="bbox 358 3237 1233 3317; baseline -0.003 -15"><span class='ocrx_word' id='word_1_154' title='bbox 358 3240 499 3317; x_wconf 89' lang='lat' dir='ltr'>quamde</span> <span class='ocrx_word' id='word_1_155' title='bbox 515 3239 627 3316; x_wconf 85' lang='lat' dir='ltr'>grauis</span> <span class='ocrx_word' id='word_1_156' title='bbox 642 3239 729 3301; x_wconf 89' lang='lat' dir='ltr'>inter</span> <span class='ocrx_word' id='word_1_157' title='bbox 746 3239 862 3302; x_wconf 84' lang='lat' dir='ltr'>Graios</span> <span class='ocrx_word' id='word_1_158' title='bbox 879 3238 936 3314; x_wconf 89' lang='lat' dir='ltr'>qui</span> <span class='ocrx_word' id='word_1_159' title='bbox 951 3259 1033 3300; x_wconf 90' lang='lat' dir='ltr'>uera</span> <span class='ocrx_word' id='word_1_160' title='bbox 1048 3237 1233 3314; x_wconf 89' lang='lat' dir='ltr'>requirunt.</span> 
     </span>
     <span class='ocr_line' id='line_1_26' title="bbox 358 3347 1250 3425; baseline -0.003 -14"><span class='ocrx_word' id='word_1_161' title='bbox 358 3349 468 3411; x_wconf 90' lang='lat' dir='ltr'>omnia</span> <span class='ocrx_word' id='word_1_162' title='bbox 484 3349 570 3409; x_wconf 92' lang='lat' dir='ltr'>enim</span> <span class='ocrx_word' id='word_1_163' title='bbox 587 3347 699 3410; x_wconf 90' lang='lat' dir='ltr'>stolidi</span> <span class='ocrx_word' id='word_1_164' title='bbox 716 3348 820 3425; x_wconf 86' lang='lat' dir='ltr'>magis</span> <span class='ocrx_word' id='word_1_165' title='bbox 838 3347 1047 3410; x_wconf 91' lang='lat' dir='ltr'>admirantur</span> <span class='ocrx_word' id='word_1_166' title='bbox 1064 3353 1250 3423; x_wconf 88' lang='lat' dir='ltr'>amantque,</span> 
     </span>
     <span class='ocr_line' id='line_1_27' title="bbox 358 3457 1154 3535; baseline -0.003 -15"><span class='ocrx_word' id='word_1_167' title='bbox 358 3459 499 3522; x_wconf 87' lang='lat' dir='ltr'>inuersis</span> <span class='ocrx_word' id='word_1_168' title='bbox 515 3479 598 3535; x_wconf 91' lang='lat' dir='ltr'>quae</span> <span class='ocrx_word' id='word_1_169' title='bbox 614 3459 674 3520; x_wconf 89' lang='lat' dir='ltr'>sub</span> <span class='ocrx_word' id='word_1_170' title='bbox 690 3458 802 3520; x_wconf 87' lang='lat' dir='ltr'>uerbis</span> <span class='ocrx_word' id='word_1_171' title='bbox 817 3457 988 3520; x_wconf 85' lang='lat' dir='ltr'>latitantia</span> <span class='ocrx_word' id='word_1_172' title='bbox 1004 3463 1154 3532; x_wconf 85' lang='lat' dir='ltr'>cernunt,</span> 
     </span>
     <span class='ocr_line' id='line_1_28' title="bbox 358 3568 1240 3646; baseline -0.003 -16"><span class='ocrx_word' id='word_1_173' title='bbox 358 3589 502 3646; x_wconf 88' lang='lat' dir='ltr'>ucraque</span> <span class='ocrx_word' id='word_1_174' title='bbox 521 3568 728 3631; x_wconf 90' lang='lat' dir='ltr'>constituunt</span> <span class='ocrx_word' id='word_1_175' title='bbox 747 3588 829 3644; x_wconf 91' lang='lat' dir='ltr'>quae</span> <span class='ocrx_word' id='word_1_176' title='bbox 847 3568 930 3628; x_wconf 89' lang='lat' dir='ltr'>belle</span> <span class='ocrx_word' id='word_1_177' title='bbox 948 3572 1083 3643; x_wconf 86' lang='lat' dir='ltr'>tangere</span> <span class='ocrx_word' id='word_1_178' title='bbox 1102 3571 1240 3642; x_wconf 87' lang='lat' dir='ltr'>possunt</span> 
     </span>
     <span class='ocr_line' id='line_1_29' title="bbox 358 3676 1084 3755; baseline -0.008 -13"><span class='ocrx_word' id='word_1_179' title='bbox 358 3679 449 3742; x_wconf 89' lang='lat' dir='ltr'>auris</span> <span class='ocrx_word' id='word_1_180' title='bbox 465 3686 496 3741; x_wconf 92' lang='lat' dir='ltr'>et</span> <span class='ocrx_word' id='word_1_181' title='bbox 511 3678 623 3755; x_wconf 89' lang='lat' dir='ltr'>lepido</span> <span class='ocrx_word' id='word_1_182' title='bbox 637 3698 720 3754; x_wconf 88' lang='lat' dir='ltr'>quae</span> <span class='ocrx_word' id='word_1_183' title='bbox 735 3683 814 3739; x_wconf 90' lang='lat' dir='ltr'>sunt</span> <span class='ocrx_word' id='word_1_184' title='bbox 830 3676 945 3738; x_wconf 84' lang='lat' dir='ltr'>fucata</span> <span class='ocrx_word' id='word_1_185' title='bbox 959 3695 1084 3737; x_wconf 89' lang='lat' dir='ltr'>sonore.</span> 
     </span>
    </p>

    <p class='ocr_par' dir='ltr' id='par_1_10' title="bbox 359 3783 1267 3973">
     <span class='ocr_line' id='line_1_30' title="bbox 378 3783 1267 3862; baseline -0.004 -13"><span class='ocrx_word' id='word_1_186' title='bbox 378 3789 506 3850; x_wconf 91' lang='lat' dir='ltr'>—Nam</span> <span class='ocrx_word' id='word_1_187' title='bbox 522 3808 582 3849; x_wconf 93' lang='lat' dir='ltr'>cur</span> <span class='ocrx_word' id='word_1_188' title='bbox 599 3794 667 3848; x_wconf 90' lang='lat' dir='ltr'>tam</span> <span class='ocrx_word' id='word_1_189' title='bbox 684 3786 797 3848; x_wconf 90' lang='lat' dir='ltr'>uariae</span> <span class='ocrx_word' id='word_1_190' title='bbox 814 3806 865 3846; x_wconf 92' lang='lat' dir='ltr'>res</span> <span class='ocrx_word' id='word_1_191' title='bbox 882 3791 1014 3862; x_wconf 85' lang='lat' dir='ltr'>possent</span> <span class='ocrx_word' id='word_1_192' title='bbox 1031 3803 1107 3859; x_wconf 88' lang='lat' dir='ltr'>csse,</span> <span class='ocrx_word' id='word_1_193' title='bbox 1125 3783 1267 3860; x_wconf 89' lang='lat' dir='ltr'>requiro,</span> 
     </span>
     <span class='ocr_line' id='line_1_31' title="bbox 359 3895 1035 3973; baseline -0.009 -12"><span class='ocrx_word' id='word_1_194' title='bbox 359 3919 398 3961; x_wconf 86' lang='lat' dir='ltr'>ex</span> <span class='ocrx_word' id='word_1_195' title='bbox 414 3917 482 3959; x_wconf 91' lang='lat' dir='ltr'>uno</span> <span class='ocrx_word' id='word_1_196' title='bbox 496 3896 524 3958; x_wconf 90' lang='lat' dir='ltr'>si</span> <span class='ocrx_word' id='word_1_197' title='bbox 539 3904 618 3958; x_wconf 89' lang='lat' dir='ltr'>sunt</span> <span class='ocrx_word' id='word_1_198' title='bbox 634 3895 705 3973; x_wconf 88' lang='lat' dir='ltr'>igni</span> <span class='ocrx_word' id='word_1_199' title='bbox 720 3915 869 3973; x_wconf 90' lang='lat' dir='ltr'>puroque</span> <span class='ocrx_word' id='word_1_200' title='bbox 885 3896 1035 3956; x_wconf 76' lang='lat' dir='ltr'>creatae?</span> 
     </span>
    </p>
   </div>
   <div class='ocr_carea' id='block_1_5' title="bbox 369 4028 652 4161">
    <p class='ocr_par' dir='ltr' id='par_1_11' title="bbox 369 4028 652 4161">
     <span class='ocr_line' id='line_1_32' title="bbox 370 4028 652 4089; baseline 0 -11"><span class='ocrx_word' id='word_1_201' title='bbox 370 4030 420 4078; x_wconf 83' lang='lat'>626</span> <span class='ocrx_word' id='word_1_202' title='bbox 430 4028 503 4089; x_wconf 78' lang='lat' dir='ltr'>vulp.</span> <span class='ocrx_word' id='word_1_203' title='bbox 520 4031 652 4079; x_wconf 85' lang='lat' dir='ltr'>constent</span> 
     </span>
     <span class='ocr_line' id='line_1_33' title="bbox 369 4097 587 4161; baseline -0.009 -14"><span class='ocrx_word' id='word_1_204' title='bbox 369 4099 420 4147; x_wconf 89' lang='lat'>634</span> <span class='ocrx_word' id='word_1_205' title='bbox 431 4097 503 4157; x_wconf 75' lang='lat' dir='ltr'>vulp.</span> <span class='ocrx_word' id='word_1_206' title='bbox 520 4110 587 4161; x_wconf 89' lang='lat' dir='ltr'>quae</span> 
     </span>
    </p>
   </div>
   <div class='ocr_carea' id='block_1_6' title="bbox 863 4204 968 4262">
    <p class='ocr_par' dir='ltr' id='par_1_12' title="bbox 863 4204 968 4262">
     <span class='ocr_line' id='line_1_34' title="bbox 863 4204 968 4262; baseline -0.01 0"><span class='ocrx_word' id='word_1_207' title='bbox 863 4211 920 4262; x_wconf 76' lang='grc'><strong>[221</strong></span> <span class='ocrx_word' id='word_1_208' title='bbox 966 4204 968 4208; x_wconf 62' lang='grc'><strong>’</strong></span> 
     </span>
    </p>
   </div>
   <div class='ocr_carea' id='block_1_7' title="bbox 0 0 1630 4684">
    <p class='ocr_par' dir='ltr' id='par_1_13' title="bbox 0 0 1630 4684">
     <span class='ocr_line' id='line_1_35' title="bbox 0 0 1630 4684; baseline 0 0"><span class='ocrx_word' id='word_1_209' title='bbox 0 0 1630 4684; x_wconf 95' lang='lat' dir='ltr'> </span> 
     </span>
    </p>
   </div>
  </div>
 </body>
</html>
