3190 4682
545 485 575 534 T.
596 484 759 536 LVGRETI
778 483 867 535 clai

166 698 334 776 serpentis
349 700 464 777 cauda,
480 718 496 761 e
512 719 649 777 procero
662 719 797 776 corpore
813 706 992 776 utrumque

166 808 215 872 sit
230 808 362 871 libitum
375 808 411 870 in
424 810 548 872 multas
561 809 668 887 partis
683 808 844 872 discidere
859 808 960 886 ferro,

167 918 283 981 omnia
296 918 362 981 iam
376 938 503 982 sorsum
519 939 631 982 cernes
646 918 758 982 ancisa
771 917 896 981 recenti

165 1029 306 1092 uolnere
321 1028 441 1091 tortari
457 1034 490 1092 et
505 1034 630 1092 terram
647 1047 863 1105 conspargere
879 1029 964 1104 tabo,

165 1137 278 1216 ipsam
292 1157 388 1215 seque
402 1144 494 1201 retro
506 1144 636 1216 partem
650 1143 761 1215 petere
776 1157 831 1200 ore
847 1136 1000 1215 priorem,

165 1247 317 1311 uolneris
331 1247 471 1324 ardenti,
487 1253 526 1310 ut
539 1267 650 1310 morsu
665 1253 804 1325 premat,
820 1246 886 1309 icta
901 1247 1021 1309 dolore.

166 1357 322 1420 omnibus
335 1377 401 1420 esse
415 1357 520 1435 igitur
533 1363 620 1419 totas
635 1356 779 1419 dicemus
793 1356 829 1417 in
844 1356 910 1418 illis

167 1466 346 1545 particulis
361 1467 508 1530 animast
524 1473 559 1529 at
575 1487 613 1530 ea
627 1466 756 1530 ratione
770 1471 926 1543 sequetur

165 1597 272 1640 unam
289 1576 489 1640 animantem
506 1576 634 1639 animas
647 1575 800 1639 habuisse
817 1575 852 1636 in
868 1595 1004 1653 corpore
1021 1575 1151 1638 multas.

119 1705 250 1763 ——argo
263 1685 372 1749 diuisa
385 1691 434 1749 est
448 1706 584 1763 eaquae
598 1685 667 1747 fuit
680 1706 749 1748 una
763 1685 861 1748 simul
876 1705 950 1747 cum

167 1815 324 1873 corpore3
342 1803 546 1874 quapropter
561 1795 699 1858 mortale
715 1801 894 1872 utrumque
911 1794 1139 1872 putandumst,

166 1905 206 1967 in
221 1906 345 1968 multas
358 1904 513 1981 quoniam
529 1904 637 1983 partis
653 1904 828 1967 disciditur
845 1924 956 1981 aeque.

233 2064 410 2128 Praeterea
429 2064 457 2127 si
477 2064 662 2126 inmortalis
680 2071 803 2127 natura
823 2063 945 2127 animai

167 2180 299 2238 constat
315 2180 348 2236 et
363 2174 398 2235 in
414 2194 534 2252 corpus
549 2174 760 2236 nascentibus
775 2173 976 2250 insinuatur,

167 2304 230 2347 cur
244 2303 345 2361 super
361 2289 547 2347 anteactam
562 2289 702 2347 aetatem
718 2282 902 2346 meminisse
918 2282 1091 2360 nequimus

167 2413 230 2456 neo
244 2392 386 2471 uestigia
402 2399 569 2471 gestarum
584 2413 695 2455 rerum
710 2393 780 2455 ulla
795 2395 964 2454 tenemusl

169 2523 248 2566 nam
261 2502 290 2564 si
303 2510 399 2566 tanto
412 2509 542 2580 operest
557 2503 659 2566 animi
674 2509 804 2565 mutata
818 2508 972 2581 potestas,

170 2611 275 2674 omnis
289 2619 328 2675 ut
344 2619 493 2675 actarum
509 2612 667 2675 exciderit
681 2612 860 2675 retinentia
875 2632 996 2689 rerum,

169 2742 246 2799 non,
260 2727 300 2784 ut
313 2721 440 2800 opinor,
454 2722 490 2783 id
503 2723 544 2785 ab
558 2722 625 2785 leto
638 2721 704 2784 iam
717 2721 848 2798 longius
861 2727 969 2798 errat;

123 2838 375 2909 —ouapropter
390 2831 517 2895 fateare
532 2838 692 2894 necessest
707 2851 790 2908 quae
806 2830 874 2893 fuit
890 2837 967 2895 ante

169 2941 334 3004 interiisse
349 2947 381 3005 et
396 2961 479 3018 quae
493 2961 582 3004 nunc
597 2947 645 3004 est
660 2961 749 3003 nunc
764 2961 831 3004 esse
846 2948 999 3004 creatam.

164 3130 350 3190 <CONTRA
366 3130 633 3181 PYTHAGORAM
650 3131 815 3181 DIOEBAT
833 3131 984 3182 ANIMAS
1002 3132 1046 3181 IN
1063 3130 1237 3182 cORPORA

515 3217 662 3267 ITERVM
684 3217 882 3275 REVERTI>

232 3302 410 3366 Praeterea
424 3303 452 3365 si
466 3303 532 3366 iam
548 3304 697 3381 perfecto
712 3324 848 3381 corpore
863 3303 957 3366 nobis

169 3411 290 3473 inferri
305 3411 433 3476 solitast
447 3412 549 3476 animi
563 3413 681 3477 uiuata
695 3420 839 3491 potestas

169 3528 240 3584 tum
255 3542 329 3584 cum
343 3521 511 3599 gignimur
525 3530 558 3586 et
572 3523 662 3587 uitae
677 3544 751 3586 cum
766 3523 865 3586 limen
879 3522 1010 3601 inimus,

168 3632 259 3694 haud
274 3630 322 3694 ita
337 3631 553 3695 conueniebat
567 3632 618 3695 uti
634 3653 708 3695 cum
723 3653 859 3710 corpore
874 3639 906 3695 et
920 3654 989 3696 una

169 3761 242 3803 cum
259 3740 413 3804 membris
428 3741 584 3804 uideatur
600 3741 636 3803 in
652 3742 724 3820 ipso
740 3742 901 3820 sanguine
917 3762 1030 3820 cresse,
1056 3748 1058 3753 '

169 3851 223 3913 sed
239 3852 333 3914 uelut
348 3850 384 3911 in
400 3870 500 3913 cauea
516 3871 575 3928 per
591 3871 623 3914 se
638 3851 701 3914 sibi
716 3851 830 3916 uiuere
845 3853 963 3928 solam3

169 3959 323 4023 conuenit
336 3966 376 4022 ut
390 3980 488 4023 sensu
502 3980 621 4037 corpus
635 3967 746 4024 tamen
762 3961 871 4024 affluat
887 3981 989 4023 omne.
1271 3958 1323 4008 685

129 4090 269 4147 —quare
284 4069 385 4133 etiam
400 4075 499 4146 atque
514 4069 612 4131 etiam
626 4090 732 4147 neque
747 4069 885 4148 originis
899 4089 966 4132 esse
982 4050 1201 4148 putandumst

663 4251 737 4302 [roa]
