3234 4686
668 449 720 498 DE
738 449 871 498 RERVM
888 449 1043 498 NATVBA
1065 450 1089 498 V

366 659 536 724 infantum
551 661 686 740 fugiens
699 683 845 726 umorem
861 684 1024 741 aurasque
1039 671 1215 742 petessens,

366 772 579 834 conuertebat
598 771 644 833 ibi
661 780 784 836 natura
802 773 969 836 foramina
984 780 1094 836 terrae

366 885 398 942 et
414 899 528 943 sucum
545 881 639 944 uenis
655 884 790 959 cogebat
807 882 949 947 fundere
966 883 1091 960 apertis

366 988 566 1052 consimilem
581 990 693 1067 lactis;
710 991 795 1054 sicut
812 1013 900 1054 nunc
917 992 1042 1056 femina
1058 1013 1205 1069 quaeque

366 1119 440 1161 cum
455 1099 595 1177 peperit,
612 1101 701 1163 dulci
716 1102 865 1178 repletur
880 1103 974 1177 lacte,
991 1103 1078 1178 quod
1094 1101 1198 1164 omnis

365 1207 508 1286 impetus
524 1209 559 1271 in
574 1230 731 1273 mammas
748 1211 955 1273 conuertitur
971 1211 1027 1275 ille
1043 1211 1201 1273 alimenti.

365 1322 457 1380 terra
472 1317 582 1380 cibum
597 1318 719 1395 pueris,
735 1327 859 1382 uestem
874 1339 990 1397 uapor,
1006 1320 1109 1382 herba
1125 1318 1231 1383 cubile
1309 1313 1311 1317 ’

366 1427 544 1504 praebebat
560 1429 666 1491 multa
682 1436 714 1492 et
730 1429 821 1490 molli
836 1428 994 1506 lanugine
1010 1429 1193 1492 abundans.

324 1543 402 1599 -at
418 1536 550 1599 nouitas
565 1537 682 1599 mundi
698 1558 758 1600 neo
776 1538 904 1616 frigora
920 1538 1007 1601 dura
1024 1527 1130 1600 ciebat

366 1665 425 1708 nec
442 1646 560 1708 nimios
577 1653 686 1709 aestus
703 1667 761 1709 nec
778 1647 907 1725 magnis
922 1647 1052 1709 uiribus
1069 1667 1177 1709 auras.

367 1755 476 1818 omnia
492 1755 579 1817 enim
595 1755 722 1832 pariter
739 1764 890 1819 crescunt
907 1764 939 1820 et
956 1757 1074 1819 robora
1089 1761 1235 1818 sumunt.

430 1949 540 2027 Quare
555 1949 653 2011 etiam
668 1957 767 2026 atque
782 1950 881 2012 etiam
894 1956 1080 2012 maternum
1095 1970 1213 2013 nomen
1228 1950 1346 2026 adepta
1435 1994 1439 2003 .

366 2066 457 2120 terra
473 2065 563 2120 tenet
579 2058 706 2134 merito,
724 2059 878 2136 quoniam
896 2080 999 2137 genus
1015 2059 1089 2136 ipsa
1105 2058 1231 2121 creauit

366 2167 548 2230 humanum
565 2173 664 2245 atque
682 2168 804 2231 animal
821 2188 924 2246 prope
942 2175 1030 2231 certo
1046 2175 1193 2245 tempore
1211 2167 1303 2230 fudit

367 2295 460 2338 omne
476 2277 563 2353 quod
580 2277 614 2338 in
629 2278 757 2355 magnis
773 2279 952 2340 bacchatur
967 2277 1132 2340 montibu’
1148 2276 1280 2354 passim,

367 2385 536 2462 aeriasque
554 2386 652 2448 simul
668 2387 818 2449 uolucres
834 2386 1043 2449 uariantibu'
1061 2386 1187 2449 formis.

366 2495 423 2556 sed
440 2494 517 2571 quia
533 2495 631 2557 finem
648 2495 793 2572 aliquam
809 2496 962 2574 pariendi
979 2497 1074 2558 debet
1090 2496 1219 2572 habere,

367 2603 504 2680 destitit,
521 2611 559 2667 ut
574 2604 693 2667 mulier
708 2605 816 2683 spatio
832 2605 961 2668 defessa
976 2612 1117 2667 uetusto.

324 2720 474 2775 —mutat
492 2713 578 2775 enim
594 2714 711 2777 mundi
729 2723 884 2777 naturam
900 2714 1003 2777 totius
1020 2721 1110 2777 aetas

367 2843 406 2885 ex
423 2822 551 2899 alioque
567 2823 652 2886 alius
667 2830 774 2886 status
790 2824 939 2901 excipere
956 2823 1064 2886 omnia
1080 2825 1185 2899 debet,

367 2951 426 2993 nec
441 2938 551 2993 manet
566 2933 635 2994 ulla
650 2933 702 2994 sui
718 2933 834 2994 similis
848 2953 916 2995 res:
934 2933 1043 2996 omnia
1058 2932 1214 3010 migrant,

368 3040 477 3103 omnia
492 3048 670 3104 commutat
686 3048 808 3105 natura
823 3049 855 3104 et
870 3048 1001 3105 uertere
1017 3041 1112 3119 cogit.

367 3169 507 3226 namque
524 3150 607 3212 aliut
625 3151 785 3228 putrescit
802 3159 833 3213 et
851 3171 933 3213 aeuo
949 3151 1054 3213 debile
1070 3152 1216 3228 languet

367 3278 467 3336 porro
484 3258 567 3321 aliut
589 3260 845 3336 <pul>crescit
862 3268 894 3321 et
916 3270 1006 3331 <e>
1029 3260 1272 3337 contemptibus
1289 3258 1362 3320 exit.

324 3367 413 3429 —sic
429 3367 533 3445 igitur
548 3368 665 3430 mundi
681 3376 836 3431 naturam
852 3369 954 3431 totius
971 3376 1061 3432 aetas

367 3483 475 3539 mutat
492 3482 524 3539 et
541 3498 581 3539 ex
597 3477 661 3540 alio
677 3484 801 3539 terram
818 3485 924 3540 status
941 3478 1064 3555 excipit
1081 3478 1182 3554 alter3

368 3585 456 3662 quod
472 3585 581 3662 potuit
599 3594 698 3662 queat
715 3594 763 3662 ut,
781 3579 883 3665 possit
901 3588 988 3663 quod
1004 3607 1071 3649 non
1088 3586 1167 3649 tulit
1185 3592 1272 3650 ante.

368 3694 539 3771 Multaque
558 3701 629 3756 tum
647 3696 745 3758 tellus
764 3696 862 3757 etiam
880 3703 1036 3773 portenta
1054 3716 1165 3759 creare.

368 3809 515 3865 conatast
532 3803 617 3865 mira
634 3803 719 3866 facie
736 3804 953 3881 membrisque
969 3811 1090 3882 coorta,

378 3940 428 3987 823
440 3941 507 4000 fort.
524 3946 659 4005 provecto

379 4009 429 4056 833
440 4009 511 4069 culp.
528 4008 653 4058 clarescit

379 4076 430 4123 836
439 4076 534 4139 potuit
549 4079 672 4139 nequeat
