3190 4682
574 429 605 478 Τ.
626 429 788 481 LVORETI
808 429 897 481 CARI

159 661 291 703 —aune
307 641 411 719 igitur
428 642 582 720 quoniam
599 643 696 706 doeui
712 663 762 705 me
779 643 866 706 forte
882 645 1008 706 leonem

201 771 333 813 eernere
351 773 412 830 per
429 751 614 828 simulacra,
633 753 743 815 oeulos
761 773 984 830 quaecumque
1001 753 1176 829 lacessunt,

201 861 283 923 soire
301 861 377 923 lieet
394 868 535 924 mentem
553 862 652 924 simili
670 861 798 925 ratione
814 862 950 939 moueri,

200 991 260 1047 per
275 970 452 1034 simulacra
467 972 591 1033 leonem
612 979 719 1043 <et>
740 979 848 1034 cetera
864 991 947 1049 quae
962 971 1056 1034 uidet
1073 991 1174 1049 aeque

200 1099 260 1142 nee
275 1079 385 1143 minus
402 1088 501 1158 atque
516 1081 611 1157 oeuli,
629 1081 694 1143 nisi
711 1082 798 1158 quod
815 1101 908 1159 mage
925 1080 1039 1144 tenuia
1056 1080 1171 1145 cernit.

200 1209 260 1252 aee
275 1190 404 1253 ratione
421 1190 495 1267 alia,
513 1211 587 1253 oum
603 1211 736 1253 somnus
752 1191 897 1254 membra
914 1190 1078 1268 profudit,

199 1319 291 1361 mens
305 1299 408 1362 animi
422 1299 550 1377 uigilet,
566 1299 630 1362 nisi
645 1301 732 1377 quod
748 1300 924 1363 simulacra
938 1301 1102 1363 lacessunt

199 1409 279 1472 haee
296 1410 409 1472 eadem
426 1417 554 1471 nostros
572 1409 698 1472 animos
714 1430 798 1486 quae
815 1430 889 1472 eum
905 1409 1093 1487 uigilamus,

199 1539 303 1595 usque
318 1520 408 1595 adeo,
424 1526 511 1581 certe
524 1525 563 1581 ut
577 1519 752 1581 uideamur
766 1539 898 1581 eernere
914 1538 988 1582 eum
1004 1539 1099 1596 quem

200 1649 351 1691 concessa
364 1628 437 1692 uita
453 1628 518 1691 iam
534 1649 621 1691 mors
636 1635 669 1691 et
684 1635 775 1691 terra
791 1628 938 1706 potitust

184 1738 260 1814 (hoo
277 1738 351 1800 ideo
366 1737 438 1799 fieri
454 1738 541 1816 cogit
557 1745 689 1814 natura,
707 1739 794 1815 quod
812 1758 922 1800 omnes

199 1847 346 1925 eorporis
362 1847 472 1910 offecti
487 1868 601 1910 sensus
617 1868 676 1925 per
693 1849 838 1911 membra
855 1847 1027 1924 quieseunt

198 1978 258 2020 neo
275 1964 412 2034 possunt
430 1956 553 2019 falsum
568 1958 658 2019 ueris
673 1956 867 2020 conuineere
884 1958 1008 2033 rebus.)

157 2073 371 2143 —praeterea
385 2066 570 2130 meminisse
587 2067 671 2129 iacet
688 2068 889 2144 languetque
905 2086 1021 2144 sopore

197 2196 257 2238 neo
276 2175 429 2238 dissentit
447 2197 521 2239 eum
538 2177 654 2238 mortis
672 2176 794 2253 letique
813 2176 956 2254 potitum

198 2285 264 2348 iam
280 2286 419 2363 pridem,
437 2306 533 2362 quem
548 2307 640 2348 mens
655 2286 767 2348 uiuom
784 2306 817 2349 se
833 2305 966 2349 eernere
982 2285 1097 2348 eredit.

199 2396 294 2473 Quod
308 2402 467 2473 superest,
482 2416 549 2458 non
563 2404 611 2458 est
624 2395 746 2457 mirum
760 2395 936 2458 simulacra
949 2394 1075 2457 moueri

197 2505 397 2582 brachiaque
414 2505 450 2566 in
467 2525 641 2567 numerum
660 2505 783 2568 iactare
800 2512 831 2567 et
849 2511 957 2567 cetera
974 2506 1136 2581 membra;

197 2635 274 2676 nam
288 2614 325 2677 fit
340 2622 378 2677 ut
393 2615 428 2675 in
443 2615 565 2677 somnis
580 2614 690 2678 facere
704 2616 764 2677 hoo
779 2614 935 2677 uideatur
951 2614 1068 2692 imago

182 2723 333 2802 (quippe,
349 2724 407 2786 ubi
423 2724 531 2802 prima
547 2724 635 2802 perit
652 2724 781 2801 alioque
796 2732 844 2787 est
861 2724 966 2787 altera
981 2732 1062 2787 nata

195 2833 275 2896 inde
289 2841 390 2909 statu,
406 2834 498 2911 prior
512 2834 565 2896 hie
580 2842 708 2911 gestum
723 2842 866 2896 mutasse
881 2834 1043 2909 uidetur)

157 2943 321 3006 —scilioet
337 2943 373 3005 id
389 2943 462 3006 fieri
479 2944 577 3006 celeri
594 2944 723 3006 ratione
740 2944 976 3021 putandumst:

197 3060 292 3116 tanta
308 3061 356 3116 est
372 3053 538 3115 mobilitas
553 3061 585 3115 et
602 3073 712 3115 rerum
729 3052 824 3130 eopia
839 3060 935 3115 tanta

197 3170 356 3239 tantaque
372 3162 519 3224 sensibili
537 3163 655 3239 quouis
672 3170 719 3225 est
737 3170 884 3239 tempore
902 3161 935 3223 in
953 3180 1020 3224 uno

196 3272 290 3350 eopia
308 3272 560 3349 particularum,
577 3280 615 3334 ut
633 3272 735 3348 possit
753 3272 976 3348 suppeditare,

258 3550 431 3627 Multaque
448 3549 483 3610 in
498 3549 551 3611 his
566 3550 664 3612 rebus
680 3557 887 3626 quaeruntur
904 3546 1072 3626 multaque
1089 3546 1184 3611 nobis

196 3660 432 3735 clarandumst,
447 3659 546 3737 plane
561 3658 588 3721 si
604 3680 656 3721 res
672 3678 833 3736 exponere
849 3678 992 3721 suemus

348 3765 474 3829 QVABE
499 3764 599 3828 QVOD
623 3764 804 3814 LIBVERIT
830 3762 971 3813 STATIM
998 3760 1211 3813 ctoul‘lqus

197 3854 378 3932 Quaeritur
394 3853 431 3913 in
448 3853 564 3931 primis
581 3873 693 3929 quare,
712 3852 798 3929 quod
817 3852 934 3928 auique
952 3850 1056 3915 libido

207 3985 255 4034 761
266 3985 382 4035 reddita
414 3983 487 4043 vala.
502 3984 607 4033 rellicta

206 4053 264 4116 772,
275 4054 325 4103 801
336 4054 406 4115 son.
421 4052 490 4101 indu
