3234 4686
641 413 693 463 DE
711 413 842 463 RERVM
861 413 1014 463 NATVRA
1038 414 1062 463 V

339 627 484 704 nequod
501 629 540 689 ob
557 627 735 689 admissum
751 627 846 691 foede
863 628 1032 691 dictumue
1047 630 1188 706 superbe

340 755 521 812 poenarum
539 756 640 813 graue
659 736 702 798 sit
719 736 870 802 soluendi
888 743 1018 814 tempus
1036 738 1237 800 adauctuml
1293 777 1296 785 ·

339 864 467 908 summa
483 845 583 908 etiam
599 866 673 907 oum
688 845 740 908 uis
756 845 894 908 uiolenti
911 865 971 923 per
987 866 1076 910 mare
1093 846 1187 908 uenti
1278 849 1280 854 '

340 953 610 1031 induperatorem
626 955 738 1018 classis
754 976 854 1033 super
871 975 1014 1032 aequora
1030 955 1137 1018 uerrit

340 1084 414 1125 cum
430 1063 552 1126 ualidis
568 1064 695 1142 pariter
710 1064 894 1142 legionibus
909 1071 1007 1142 atque
1024 1064 1217 1142 elephantis,

340 1192 406 1234 non
422 1172 535 1235 diuom
551 1194 664 1251 pacem
680 1173 769 1236 uotis
783 1173 854 1237 adit
871 1195 908 1237 ac
925 1194 1021 1252 prece
1038 1173 1165 1251 quaesit

340 1289 516 1344 uentorum
532 1283 676 1360 pauidus
693 1303 789 1360 paces
805 1283 995 1361 animasque
1011 1284 1180 1360 secundas,

297 1391 549 1470 —nequiquam‚
569 1392 724 1470 quoniam
742 1392 889 1455 uiolento
905 1392 1039 1455 turbine
1059 1412 1155 1470 saepe

340 1508 512 1579 correptus
529 1501 633 1563 nihilo
651 1501 761 1564 fertur
778 1501 887 1564 minus
905 1502 948 1564 ad
965 1502 1053 1564 uada
1069 1501 1149 1564 letil

325 1611 444 1687 (usque
461 1611 543 1673 adeo
559 1631 611 1673 res
627 1612 788 1673 humanas
805 1610 857 1673 uis
874 1610 988 1673 abdita
1004 1612 1166 1689 quaedam

341 1720 463 1798 opterit
481 1727 513 1784 et
530 1721 685 1797 pulchros
703 1720 804 1783 fascis
820 1740 998 1798 saeuasque
1015 1740 1144 1783 secures

340 1831 531 1907 proculcare
547 1850 584 1892 ac
599 1829 746 1892 ludibrio
759 1830 822 1892 sibi
837 1831 958 1893 habere
971 1829 1133 1906 uidetur.)

340 1939 481 2016 denique
496 1941 556 2001 sub
574 1939 713 2017 pedibus
728 1940 827 2002 tellus
844 1960 918 2002 cum
934 1947 1005 2002 tota
1021 1939 1157 2002 uacillat

340 2069 578 2126 concussaeque
596 2049 720 2112 cadunt
737 2050 835 2112 urbes
853 2049 1037 2126 dubiaeque
1054 2049 1236 2126 minantur,

340 2158 421 2236 quid
437 2159 558 2221 mirum
573 2158 600 2220 si
615 2179 648 2220 se
663 2166 817 2221 temnunt
832 2158 986 2221 mortalia
1001 2160 1107 2221 saecla

341 2276 439 2346 atque
456 2268 628 2347 potestatis
643 2289 779 2346 magnas
794 2269 960 2345 mirasque
976 2267 1147 2345 relinqunt

340 2378 375 2439 in
390 2380 487 2441 rebus
500 2378 585 2441 uiris
598 2378 718 2454 diuom‚
735 2399 817 2455 quae
833 2384 952 2440 cuncta
967 2379 1152 2454 gubernent
1174 2381 1186 2439 1
1428 2372 1487 2423 1240

419 2483 726 2549 QVEMADMODVM
743 2484 882 2533 AVRVM
899 2483 1114 2534 ARGENTVM
1130 2483 1326 2533 PLVMBVM

727 2568 936 2619 REPER'I'VM
960 2568 1020 2619 SIT

405 2658 500 2735 Quod
517 2665 676 2735 superest,
695 2679 749 2721 aas
767 2665 865 2734 atque
883 2678 1002 2720 aurum
1021 2656 1213 2735 ferrumque
1231 2664 1435 2734 repertumst

342 2774 374 2829 et
392 2767 490 2829 simul
508 2767 638 2845 argenti
656 2769 786 2845 pondus
805 2766 996 2845 plumbique
1015 2773 1169 2844 potestas,

341 2877 429 2955 ignis
444 2877 501 2939 ubi
518 2877 662 2954 ingentis
677 2877 779 2939 siluas
796 2878 914 2939 ardore
930 2884 1093 2938 cremarat

341 2987 507 3049 montibus
523 2987 559 3048 in
573 2986 710 3063 magnis,
727 3007 784 3049 seu
800 2987 890 3048 caelo
905 2985 1045 3048 fulmine
1061 2985 1166 3060 misso,

342 3096 412 3159 siue
428 3097 515 3173 quod
530 3096 618 3159 inter
633 3117 666 3159 se
682 3097 804 3158 bellum
820 3095 970 3159 siluestre
987 3102 1136 3172 gerentes

341 3205 489 3268 hostibus
507 3206 691 3268 intulerant
710 3206 818 3283 ignem
837 3204 1025 3267 formidinis
1044 3224 1131 3281 ergo,

342 3315 411 3379 siue
429 3316 516 3393 quod
534 3314 663 3377 inducti
678 3323 787 3377 terrae
804 3314 951 3377 bonitate
967 3314 1123 3381 uolebant

342 3427 487 3503 pandere
504 3444 599 3502 agros
615 3424 749 3502 pinguis
765 3430 797 3486 et
813 3443 936 3501 pascua
951 3419 1088 3485 reddere
1104 3443 1194 3499 rura,

342 3536 412 3598 siue
428 3534 518 3597 feras
533 3533 717 3596 interficere
734 3540 766 3596 et
782 3533 941 3595 ditescere
959 3532 1092 3610 praeda.

327 3646 420 3722 (nam
436 3645 536 3706 fouea
551 3650 649 3720 atque
666 3642 736 3720 igni
752 3642 847 3720 prius
862 3648 911 3704 est
926 3640 1080 3703 uenarier
1095 3646 1205 3704 ortum

343 3774 441 3831 quam
458 3752 587 3830 saepire
604 3752 712 3830 plagis
729 3752 850 3813 saltum
867 3750 1067 3827 canibusque
1085 3749 1196 3826 ciere.)

337 3887 404 3936 1224
414 3886 487 3946 vulp.
502 3883 603 3948 nequid

337 3955 405 4004 1225
414 3954 464 4002 alii
478 3952 534 4002 alio

338 4022 406 4070 1241
416 4023 539 4084 superest
557 4033 641 4082 aeque

338 4088 406 4135 1244
415 4087 488 4147 vulp.
503 4085 572 4134 caeli
