3234 4684
633 422 685 472 Du
703 423 836 475 RERVM
852 423 1008 475 NATVBA
1026 424 1062 474 ll

331 652 470 712 corpora
488 635 597 714 prima
614 636 732 714 tribus,
749 639 802 701 vel
820 640 921 716 paulo
939 639 1092 716 pluribus
1110 660 1211 718 auge3

331 765 447 821 nempe
463 744 521 808 ubi
536 766 590 809 eas
605 746 713 824 partis
726 747 826 810 unius
842 749 990 827 corporis
1004 749 1118 826 omnis,

331 874 458 917 summa
474 861 573 933 atque
590 855 656 919 ima
671 857 791 933 locans,
808 863 1036 922 transmutans
1053 859 1190 923 dextera
1205 858 1319 936 laeuis,

331 963 525 1027 omnimodis
542 971 699 1044 expertus
714 966 788 1043 eris,
806 987 904 1044 quam
921 968 1058 1045 quisquc
1074 969 1132 1032 det
1150 970 1231 1032 ordo

331 1072 452 1138 formai
469 1074 609 1151 speciem
625 1076 729 1138 totius
745 1076 893 1154 corporis
908 1076 987 1154 eius,

331 1184 419 1260 quod
434 1191 593 1261 superest,
609 1184 637 1247 si
652 1184 740 1248 forte
756 1186 846 1249 uoles
860 1186 993 1249 uariare
1008 1186 1141 1265 figuras,

331 1293 520 1357 addendum
536 1294 643 1372 partis
660 1295 741 1358 alias
758 1295 838 1372 erit;
856 1295 933 1358 inde
950 1303 1115 1373 sequetur,

331 1402 474 1466 adsimili
491 1404 620 1468 ratione
638 1405 719 1468 alias
736 1411 774 1468 ut
790 1406 936 1483 postulet
953 1406 1042 1482 ordo,

329 1512 411 1576 situ
427 1513 514 1576 forte
530 1515 620 1577 uoles
636 1514 736 1577 etiam
750 1515 882 1579 uariare
898 1515 1032 1593 figuras.

287 1642 409 1700 —ergo
425 1622 610 1687 formarum
627 1624 809 1688 nouitatem
826 1624 973 1702 corporis
990 1645 1131 1703 augmen

330 1732 551 1810 subsequitur.
590 1754 692 1811 quare
708 1753 775 1796 non
791 1739 840 1796 est
856 1741 895 1797 ut
912 1735 1044 1797 credere
1060 1733 1165 1813 possis

330 1862 397 1906 esse
412 1842 552 1905 infinitis
564 1843 727 1907 distantia
740 1844 870 1932 semina·
878 1843 1004 1921 formis,

329 1972 370 2013 ne
387 1954 547 2029 quaedam
559 1954 659 2031 'cogas
675 1953 801 2016 inmani
818 1953 1022 2016 maximitate

330 2082 407 2139 esse,
422 2082 525 2139 supra
540 2063 628 2139 quod
642 2062 708 2125 iam
723 2062 820 2126 docui
835 2083 902 2124 non
917 2083 1010 2140 posse
1025 2062 1169 2141 probari.

288 2171 396 2234 -c'arn
412 2171 474 2234 tibi
490 2172 682 2236 barbaricae
698 2179 805 2235 uestes
822 2172 1045 2249 Meliboeaque
1064 2172 1196 2249 fulgens

330 2301 484 2359 purpura
502 2281 688 2345 Thessalico
705 2283 903 2344 concharum
921 2281 1027 2344 tincta
1044 2282 1160 2358 colore,

330 2411 431 2454 aurea
446 2411 615 2468 pauonum
630 2391 754 2454 ridenti
771 2391 899 2454 imbuta
912 2392 1022 2468 lepore

330 2501 445 2577 saecla,
461 2520 548 2564 nouo
562 2522 674 2564 rerum
690 2508 847 2578 superata
862 2501 968 2564 colore
984 2499 1138 2578 iacerent,

330 2616 364 2672 et
380 2617 588 2688 contemptus
604 2610 685 2673 odor
702 2631 854 2686 smyrnae
872 2609 1041 2686 mellisque
1059 2630 1200 2688 soporae,

330 2726 362 2782 et
378 2740 498 2796 cycnea
512 2721 594 2783 melo
609 2720 823 2797 Phoebeaque
839 2719 978 2782 daedala
994 2718 1124 2781 chordis

330 2829 477 2892 carmina
494 2828 655 2892 consimili
672 2828 800 2891 ratione
818 2849 974 2907 oppressa
990 2828 1134 2891 silerent.

330 2959 471 3017 namque
488 2939 562 3001 aliis
578 2939 669 3002 aliud
687 2938 912 3016 praestantius
929 2945 1129 3002 exoraretur.

287 3047 537 3123 -cederexitem
553 3054 641 3112 retro
657 3054 789 3126 possent
805 3047 841 3109 in
856 3047 1034 3111 deteriores

330 3157 440 3220 omnia
455 3158 501 3220 sic
517 3158 632 3235 partis,
648 3164 686 3220 ut
702 3157 846 3219 diximus
861 3157 897 3218 in
911 3157 1055 3220 melioris

315 3268 472 3345 (namque
488 3267 568 3330 aliis'
578 3267 670 3330 aliud
685 3273 777 3330 retro
791 3286 919 3344 quoquc
935 3266 1075 3329 taetrius
1091 3274 1174 3330 esset

329 3377 467 3439 naribus
482 3377 618 3441 auribus
634 3383 733 3453 atque
750 3375 852 3439 oculis
868 3375 997 3452 orisque
1013 3375 1156 3454 sapori).

287 3507 414 3564 —quae
432 3486 587 3558 quoniam
604 3506 671 3549 non
688 3491 777 3562 sunt,
799 3486 930 3556 <sed>
953 3487 1051 3548 rebus
1067 3485 1200 3548 reddita
1216 3492 1306 3549 certa

329 3595 404 3659 finis
418 3595 587 3673 utrimque
600 3602 691 3658 tenet
706 3615 875 3671 summam,
893 3594 1020 3658 fateare
1036 3601 1195 3657 necessest

330 3706 499 3769 materiem
518 3725 646 3782 quoque
664 3704 768 3766 finitis
786 3704 920 3767 differre
937 3703 1062 3780 figuris

287 3815 471 3892 -denique
489 3817 529 3878 ab
546 3815 679 3892 ignibus
697 3815 739 3877 ad
758 3813 884 3890 gelidas
901 3814 1036 3876 brumae
1054 3833 1158 3890 usque
1176 3812 1316 3893 pruinas

328 3924 493 3988 finitumst
508 3930 662 4001 retroque
680 3923 755 4002 pari
772 3922 900 3986 ratione
918 3930 1110 3985 remensust.

340 4056 390 4106 501
401 4059 482 4107 tecta
512 4056 562 4106 alii
577 4055 633 4104 alia

341 4125 392 4173 515
401 4123 550 4188 hiemisque
585 4122 658 4184 only.
676 4122 732 4173 iter
749 4135 838 4186 usquc

835 4205 891 4255 [56]
