3190 4682
594 498 645 548 DE
663 498 795 548 RERVM
812 498 968 548 NATVBA
987 498 1031 548 IV

301 731 360 773 cur
375 733 412 775 ea
428 733 511 788 quae
526 711 654 776 fuerint
670 713 789 776 iuxtim
805 715 979 790 quadrata,
996 714 1112 791 procul
1127 712 1194 776 sint

300 821 374 884 uisa
391 823 549 899 rutunda,
568 830 679 885 tamen
698 829 846 900 praestat
864 822 1004 886 rationis
1022 829 1170 901 egentem

300 931 439 994 reddere
456 933 608 995 mendose
625 952 740 995 causas
756 932 930 1010 utriusque
948 932 1083 1010 figurae,

301 1061 400 1118 quam
417 1041 569 1103 manibus
586 1041 763 1105 manifesta
781 1042 849 1104 suis
866 1041 1014 1104 emittere
1032 1030 1196 1119 quoquam

301 1158 333 1212 et
349 1150 475 1213 uiolare
491 1150 589 1213 fidem
606 1150 748 1229 primam
766 1157 797 1214 et
814 1152 997 1214 conuellere
1014 1157 1086 1214 tota

300 1259 521 1323 fundamenta
533 1260 653 1337 quibus
668 1238 804 1323 nixatur
819 1261 891 1323 uita
906 1261 1067 1338 salusque.
1137 1268 1140 1276 “

301 1389 367 1432 aon
382 1370 477 1433 modo
493 1370 580 1433 enim
595 1370 683 1433 ratio
697 1377 774 1433 ruat
790 1371 903 1446 omnis,
920 1369 992 1432 uita
1008 1390 1136 1447 quoque
1151 1368 1225 1447 ipsa

302 1479 453 1542 concidat
471 1480 643 1557 extemplo,
661 1479 724 1541 nisi
741 1481 873 1542 credere
890 1479 1039 1542 sensibus
1055 1480 1144 1542 ausis

300 1588 557 1667 praecipitisque
572 1589 658 1651 locos
671 1589 780 1652 uitare
796 1596 828 1652 et
843 1596 951 1652 cetera
966 1609 1049 1666 quae
1064 1589 1132 1651 sint-

302 1698 337 1758 in
354 1718 471 1775 genere
488 1700 548 1761 hoo
565 1697 736 1776 fugienda,
753 1699 845 1775 sequi
861 1698 1029 1761 contraria
1045 1718 1128 1775 quae
1144 1697 1223 1762 sint.

259 1807 361 1870 —illa
376 1808 438 1870 tibi
454 1814 502 1871 est
519 1808 623 1886 igitur
640 1810 817 1871 uerborum
833 1808 928 1885 copia
944 1828 1035 1871 cassa

301 1917 407 1979 omnis
423 1937 506 1995 quae
523 1924 639 1981 contra
654 1917 950 1980 sensus-instructa
966 1924 1126 1995 paratast.

661 2024 711 2073 DE
735 2022 855 2073 FALSO
879 2023 1000 2073 SENSV

287 2111 444 2189 (denique
459 2119 497 2174 ut
513 2113 548 2173 in
564 2112 701 2187 fabrica,
719 2113 746 2174 si
763 2120 901 2190 prauast
917 2113 1031 2190 regula
1047 2111 1165 2190 prima,

302 2242 481 2298 normaque
498 2222 525 2284 si
543 2221 649 2285 fallax
665 2222 763 2285 rectis
774 2221 969 2298 regionibus
980 2221 1063 2299 exit,

302 2340 334 2394 et
350 2331 461 2394 libella
479 2331 590 2409 aliqua
606 2331 634 2393 si
651 2351 691 2392 ex
707 2331 797 2409 parti
814 2331 979 2394 claudicat
995 2331 1110 2407 hilum,

303 2440 412 2503 omnia
428 2442 579 2504 mendose
595 2440 667 2504 fieri
683 2448 782 2519 atque
799 2440 929 2518 obstipa
945 2447 1109 2503 necessust

302 2571 410 2628 praua
425 2550 581 2613 cubantia
598 2570 703 2628 prona
720 2550 841 2628 supina
858 2558 956 2626 atque
973 2551 1094 2613 absona
1109 2556 1205 2627 tecta,

303 2660 368 2723 iam
386 2680 482 2723 ruere
498 2665 537 2722 ut
555 2661 715 2736 quaedam
733 2660 913 2722 uideantur
930 2660 1025 2735 uelle,
1043 2666 1209 2737 ruantque

303 2769 436 2847 prodita
452 2769 585 2832 iudiciis
600 2769 775 2832 fallacibus
792 2769 901 2831 omnia
918 2769 1043 2846 primis,

303 2879 348 2941 sic
363 2878 467 2956 igitur
481 2879 568 2941 ratio
581 2878 644 2941 tibi
659 2900 769 2941 rerum
785 2899 891 2957 praua
907 2885 1066 2941 necessest

303 2988 453 3066 falsaque
468 2988 521 3064 sit,
538 2987 632 3051 falsis
650 3008 872 3065 quaecumque
890 2990 930 3050 ab
947 2987 1095 3050 sensibus
1111 2988 1242 3064 ortast.)

365 3376 462 3437 Nunc
478 3375 535 3437 alii
551 3396 665 3438 sensus
680 3396 744 3452 quo
760 3381 857 3453 pacto
873 3376 1011 3452 quisque
1026 3397 1119 3438 suam
1134 3395 1203 3438 rem

302 3485 433 3562 sentiat,
451 3485 709 3562 haudquaquam
727 3485 814 3547 ratio
831 3505 987 3562 scruposa
1005 3485 1121 3547 relicta
1139 3491 1197 3548 est.

716 3785 766 3834 nn
789 3785 945 3850 lunius

366 3873 538 3952 Principio
554 3874 691 3937 auditur
708 3893 807 3936 sonus
824 3880 856 3935 et
872 3894 938 3936 uox
954 3873 1068 3949 omnis,
1086 3873 1121 3935 in
1138 3872 1228 3935 auris

304 3983 473 4046 insinuata
488 4003 548 4046 suo
565 3984 721 4061 pepulere
737 3983 795 4045 ubi
812 4003 948 4061 corpore
965 4003 1104 4045 sensum.

314 4117 365 4165 516
375 4115 448 4176 vulp.
463 4128 570 4165 necesse
585 4118 627 4164 cst

799 4265 872 4317 [136]
