3234 4684
709 427 739 475 Τ.
759 426 921 476 LVGRETI
939 427 1028 478 CARI

337 646 406 701 tarn
422 639 571 702 mortalis
588 640 651 703 erit
669 660 768 717 quam
784 662 868 718 quae
885 641 1063 704 manifesta
1080 641 1231 704 uidemus
1316 688 1319 692 ι

338 770 378 811 ex
395 749 498 812 oculis
513 750 635 812 nostris
653 750 766 828 aliqua
780 751 817 813 ui
832 751 924 814 uicta
939 751 1058 829 perire.

295 867 373 921 -at
386 879 492 935 neque
505 859 669 923 reccidere
684 861 727 924 ad
741 861 883 922 nihilum
897 881 949 923 res
963 881 1056 939 posse
1070 881 1175 938 neque
1190 866 1301 923 autem

338 988 481 1031 crescere
498 970 538 1031 de
554 969 660 1032 nihilo
675 976 778 1032 testor
794 989 847 1032 res
864 977 940 1033 ante
957 971 1122 1047 probatas.

295 1085 510 1156 -praeterea
527 1079 681 1156 quoniam
698 1080 789 1142 cibus
805 1088 904 1158 auget
919 1100 1040 1157 corpus
1055 1079 1189 1157 alitque,

339 1188 421 1250 scire
436 1189 513 1252 licet
529 1189 622 1252 nobis
638 1209 740 1252 uenas
757 1198 789 1252 et
804 1209 953 1267 sanguen
970 1196 1002 1252 et
1019 1209 1133 1252 ossa-

339 1298 409 1361 siue
426 1298 514 1361 cibos
530 1299 636 1361 omnis
652 1299 828 1361 commixto
844 1319 979 1377 corpore
996 1299 1108 1362 dicent

339 1428 405 1470 esse
428 1415 539 1480 <e>t
556 1409 675 1471 habere
694 1408 729 1469 in
746 1429 779 1471 se
797 1428 976 1471 neruorum
994 1427 1134 1485 corpora
1150 1429 1258 1486 parua

339 1537 474 1595 ossaque
492 1525 524 1580 et
542 1518 673 1581 omnino
690 1538 793 1581 uenas
809 1518 979 1596 partisque
997 1517 1133 1595 cruoris,

338 1628 395 1690 fiet
411 1628 463 1690 uti
479 1628 572 1690 cibus
587 1628 691 1690 omnis
708 1635 740 1692 et
756 1628 870 1691 aridus
887 1636 919 1691 et
935 1627 1045 1704 liquor
1061 1627 1131 1705 ipse

303 1726 304 1730 ¹
339 1757 379 1799 ex
395 1737 588 1815 alienigenis
604 1739 701 1800 rebus
717 1745 866 1800 constare
883 1743 1030 1815 putetur,

340 1847 466 1909 ossibus
482 1856 514 1910 et
531 1847 644 1910 neruis
661 1847 815 1925 sanieque
833 1855 865 1910 et
883 1847 1043 1924 sanguine
1060 1847 1173 1909 mixta.

338 1964 512 2034 praeterea
528 1977 751 2035 quaecumque
768 1978 784 2018 e
801 1963 891 2020 terra
908 1966 1048 2034 corpora
1064 1963 1215 2019 crescunt

339 2067 367 2130 si
382 2073 461 2129 sunt
476 2067 512 2128 in
527 2067 636 2144 terris,
651 2074 775 2130 terram
791 2074 941 2130 constare
957 2053 1117 2129 necessest

340 2197 379 2238 ex
396 2177 598 2254 alienigenis
616 2197 698 2253 quae
715 2177 814 2239 terris
831 2177 1036 2239 exoriuntur.

315 2277 317 2282 ¹
340 2286 488 2349 transfer
503 2287 591 2363 item,
607 2287 746 2349 totidem
758 2286 871 2349 uerbis
883 2285 1114 2349 utare'licebit.

340 2397 376 2457 in
392 2396 492 2474 lignis
508 2396 535 2458 si
553 2396 684 2460 flamma
700 2398 782 2458 latet
799 2396 976 2472 fumusque
994 2394 1150 2472 cinisque,

340 2528 380 2570 ex
395 2506 588 2584 alienigenis
604 2506 784 2569 consistant
799 2505 892 2582 ligna
906 2512 1075 2567 necessest.

297 2623 512 2694 —praeterea
526 2617 624 2678 tellus
639 2635 722 2693 quae
737 2635 876 2693 corpora
891 2634 1029 2690 cumque
1045 2614 1105 2676 alit
1120 2622 1219 2692 auget

341 2748 380 2790 ex
398 2726 591 2803 alienigenis
608 2725 792 2802 alienigena
810 2725 1015 2788 exoriuntur.

360 2836 584 2913 —Linquitur
601 2835 654 2898 hic
672 2835 833 2912 quaedam
851 2833 1008 2897 latitandi
1026 2833 1121 2911 copia
1138 2832 1258 2909 tenuis

341 2946 376 3007 id
392 2947 480 3023 quod
495 2947 712 3023 Anaxagoras
728 2945 790 3007 sibi
806 2944 916 3021 sumit,
932 2949 971 3006 ut
988 2943 1137 3006 omnibus
1155 2942 1259 3005 omnis

341 3076 393 3119 res
410 3062 506 3133 putet
522 3055 680 3117 inmixtas
696 3056 793 3117 rebus
810 3055 952 3129 latitare,
970 3054 1027 3115 sed
1043 3053 1129 3115 illud

342 3187 503 3244 apparere
520 3186 624 3228 unum
642 3164 736 3227 cuius
753 3164 819 3226 sint
837 3163 984 3241 plurima
999 3163 1103 3225 mixta

341 3283 373 3339 et
388 3275 493 3352 magis
508 3275 543 3336 in
559 3282 717 3353 promptu
733 3274 905 3351 primaque
922 3273 957 3333 in
974 3272 1085 3334 fronte
1100 3272 1216 3334 locata.

299 3387 429 3463 —quod
445 3393 557 3448 tamen
573 3406 593 3447 a
607 3405 688 3447 uera
704 3385 800 3460 longe
816 3383 944 3445 ratione
960 3381 1171 3460 repulsumst.

342 3495 558 3559 conueniebat
576 3494 662 3555 enim
681 3493 796 3569 fruges
814 3511 942 3570 quoque
961 3511 1066 3568 saepe,
1085 3489 1207 3553 minaci

342 3608 457 3669 robore
473 3626 548 3668 cum
564 3604 598 3665 in
614 3603 684 3666 saxi
700 3603 916 3679 franguntur,
932 3601 1063 3662 mittere
1079 3599 1210 3677 signum

342 3715 514 3793 sanguinis
532 3721 590 3777 aut
609 3712 745 3790 aliquid,
763 3717 976 3788 nostroquae
994 3729 1129 3787 corpore
1147 3709 1295 3772 aluntur.

354 3849 405 3896 860
415 3847 487 3907 vala.
504 3848 554 3896 860
567 3844 580 3870 ⁴*
592 3846 642 3894 861

354 3917 405 3965 866
415 3915 464 3963 alii
479 3915 535 3964 alia

354 3985 404 4033 873
415 3983 487 4044 only.
505 3982 554 4032 873
567 3982 580 4007 ³*
592 3983 643 4031 874

354 4052 406 4100 874
416 4066 488 4114 quae
503 4050 589 4115 lignis

354 4120 405 4170 882
416 4120 488 4180 cula.
504 4132 564 4168 cum
579 4117 639 4168 saxi
