<?xml version="1.0" encoding="UTF-8"?>
<!DOCTYPE html PUBLIC "-//W3C//DTD XHTML 1.0 Transitional//EN"
    "http://www.w3.org/TR/xhtml1/DTD/xhtml1-transitional.dtd">
<html xmlns="http://www.w3.org/1999/xhtml" xml:lang="en" lang="en">
 <head>
  <title>
</title>
<meta http-equiv="Content-Type" content="text/html;charset=utf-8" />
  <meta name='ocr-system' content='tesseract 3.04.00' />
  <meta name='ocr-capabilities' content='ocr_page ocr_carea ocr_par ocr_line ocrx_word'/>
</head>
<body>
  <div class='ocr_page' id='page_1' title='image "./lvcretiderervmn00merrgoog_0255.png"; bbox 0 0 3234 4686; ppageno 0'>
   <div class='ocr_carea' id='block_1_1' title="bbox 586 419 1023 471">
    <p class='ocr_par' dir='ltr' id='par_1_1' title="bbox 586 419 1023 471">
     <span class='ocr_line' id='line_1_1' title="bbox 586 419 1023 471; baseline 0.007 -3"><span class='ocrx_word' id='word_1_1' title='bbox 586 420 637 469; x_wconf 80' lang='lat' dir='ltr'>DE</span> <span class='ocrx_word' id='word_1_2' title='bbox 655 419 788 469; x_wconf 81' lang='lat' dir='ltr'><strong><em>RERVM</em></strong></span> <span class='ocrx_word' id='word_1_3' title='bbox 805 419 960 470; x_wconf 80' lang='lat' dir='ltr'><strong><em>NATVRA</em></strong></span> <span class='ocrx_word' id='word_1_4' title='bbox 983 421 1023 471; x_wconf 77' lang='lat'>1⁷1</span> 
     </span>
    </p>
   </div>
   <div class='ocr_carea' id='block_1_2' title="bbox 247 631 1325 3789">
    <p class='ocr_par' dir='ltr' id='par_1_2' title="bbox 293 631 1191 710">
     <span class='ocr_line' id='line_1_2' title="bbox 293 631 1191 710; baseline 0.008 -17"><span class='ocrx_word' id='word_1_5' title='bbox 293 631 427 694; x_wconf 88' lang='lat' dir='ltr'>soluunt</span> <span class='ocrx_word' id='word_1_6' title='bbox 445 640 544 710; x_wconf 88' lang='lat' dir='ltr'>atque</span> <span class='ocrx_word' id='word_1_7' title='bbox 562 633 704 697; x_wconf 92' lang='lat' dir='ltr'>animam</span> <span class='ocrx_word' id='word_1_8' title='bbox 721 635 926 706; x_wconf 82' lang='lat' dir='ltr'>labefactant</span> <span class='ocrx_word' id='word_1_9' title='bbox 943 635 1075 699; x_wconf 90' lang='lat' dir='ltr'>sedibus</span> <span class='ocrx_word' id='word_1_10' title='bbox 1091 637 1191 700; x_wconf 85' lang='lat' dir='ltr'>intus.</span> 
     </span>
    </p>

    <p class='ocr_par' dir='ltr' id='par_1_3' title="bbox 293 741 1056 819">
     <span class='ocr_line' id='line_1_3' title="bbox 293 741 1056 819; baseline 0.007 -16"><span class='ocrx_word' id='word_1_11' title='bbox 293 741 434 819; x_wconf 88' lang='lat' dir='ltr'>denique</span> <span class='ocrx_word' id='word_1_12' title='bbox 450 742 478 804; x_wconf 91' lang='lat' dir='ltr'>si</span> <span class='ocrx_word' id='word_1_13' title='bbox 493 743 609 806; x_wconf 80' lang='lat' dir='ltr'>calidis</span> <span class='ocrx_word' id='word_1_14' title='bbox 624 744 723 806; x_wconf 91' lang='lat' dir='ltr'>etiam</span> <span class='ocrx_word' id='word_1_15' title='bbox 740 752 893 807; x_wconf 79' lang='lat' dir='ltr'>cunctere</span> <span class='ocrx_word' id='word_1_16' title='bbox 909 746 1056 808; x_wconf 90' lang='lat' dir='ltr'>lauabris</span> 
     </span>
    </p>

    <p class='ocr_par' dir='ltr' id='par_1_4' title="bbox 293 851 991 932">
     <span class='ocr_line' id='line_1_4' title="bbox 293 851 991 932; baseline 0.006 -20"><span class='ocrx_word' id='word_1_17' title='bbox 293 851 422 929; x_wconf 83' lang='lat' dir='ltr'>plenior</span> <span class='ocrx_word' id='word_1_18' title='bbox 438 860 470 915; x_wconf 91' lang='lat' dir='ltr'>et</span> <span class='ocrx_word' id='word_1_19' title='bbox 486 852 600 929; x_wconf 84' lang='lat' dir='ltr'>fueris,</span> <span class='ocrx_word' id='word_1_20' title='bbox 617 854 698 916; x_wconf 90' lang='lat' dir='ltr'>solio</span> <span class='ocrx_word' id='word_1_21' title='bbox 713 854 877 918; x_wconf 82' lang='lat' dir='ltr'>feruentis</span> <span class='ocrx_word' id='word_1_22' title='bbox 892 855 991 932; x_wconf 91' lang='lat' dir='ltr'>aquai</span> 
     </span>
    </p>

    <p class='ocr_par' dir='ltr' id='par_1_5' title="bbox 293 962 1131 1043">
     <span class='ocr_line' id='line_1_5' title="bbox 293 962 1131 1043; baseline 0.004 -19"><span class='ocrx_word' id='word_1_23' title='bbox 293 982 391 1039; x_wconf 91' lang='lat' dir='ltr'>quam</span> <span class='ocrx_word' id='word_1_24' title='bbox 408 962 505 1025; x_wconf 82' lang='lat' dir='ltr'>facile</span> <span class='ocrx_word' id='word_1_25' title='bbox 523 963 557 1024; x_wconf 92' lang='lat' dir='ltr'>in</span> <span class='ocrx_word' id='word_1_26' title='bbox 573 964 680 1025; x_wconf 90' lang='lat' dir='ltr'>medio</span> <span class='ocrx_word' id='word_1_27' title='bbox 694 964 732 1026; x_wconf 92' lang='lat' dir='ltr'>fit</span> <span class='ocrx_word' id='word_1_28' title='bbox 748 965 799 1027; x_wconf 92' lang='lat' dir='ltr'>uti</span> <span class='ocrx_word' id='word_1_29' title='bbox 815 966 872 1026; x_wconf 91' lang='lat' dir='ltr'>des</span> <span class='ocrx_word' id='word_1_30' title='bbox 888 985 984 1043; x_wconf 84' lang='lat' dir='ltr'>saepe</span> <span class='ocrx_word' id='word_1_31' title='bbox 1000 965 1131 1028; x_wconf 86' lang='lat' dir='ltr'>ruinas!</span> 
     </span>
    </p>

    <p class='ocr_par' dir='ltr' id='par_1_6' title="bbox 293 1073 1155 1151">
     <span class='ocr_line' id='line_1_6' title="bbox 293 1073 1155 1151; baseline 0.002 -17"><span class='ocrx_word' id='word_1_32' title='bbox 293 1073 535 1150; x_wconf 84' lang='lat' dir='ltr'>carbonumque</span> <span class='ocrx_word' id='word_1_33' title='bbox 552 1073 665 1151; x_wconf 88' lang='lat' dir='ltr'>grauis</span> <span class='ocrx_word' id='word_1_34' title='bbox 681 1073 734 1136; x_wconf 89' lang='lat' dir='ltr'>uis</span> <span class='ocrx_word' id='word_1_35' title='bbox 751 1081 851 1151; x_wconf 89' lang='lat' dir='ltr'>atque</span> <span class='ocrx_word' id='word_1_36' title='bbox 867 1075 947 1136; x_wconf 92' lang='lat' dir='ltr'>odor</span> <span class='ocrx_word' id='word_1_37' title='bbox 964 1074 1155 1138; x_wconf 90' lang='lat' dir='ltr'>insinuatur</span> 
     </span>
    </p>

    <p class='ocr_par' dir='ltr' id='par_1_7' title="bbox 293 1182 1325 1263">
     <span class='ocr_line' id='line_1_7' title="bbox 293 1182 1325 1263; baseline 0.004 -20"><span class='ocrx_word' id='word_1_38' title='bbox 293 1202 392 1258; x_wconf 91' lang='lat' dir='ltr'>quam</span> <span class='ocrx_word' id='word_1_39' title='bbox 408 1182 506 1245; x_wconf 83' lang='lat' dir='ltr'>facile</span> <span class='ocrx_word' id='word_1_40' title='bbox 522 1183 557 1243; x_wconf 92' lang='lat' dir='ltr'>in</span> <span class='ocrx_word' id='word_1_41' title='bbox 573 1184 752 1259; x_wconf 89' lang='lat' dir='ltr'>cerebrum,</span> <span class='ocrx_word' id='word_1_42' title='bbox 769 1183 833 1245; x_wconf 90' lang='lat' dir='ltr'>uisi</span> <span class='ocrx_word' id='word_1_43' title='bbox 849 1205 969 1261; x_wconf 89' lang='lat' dir='ltr'>aquam</span> <span class='ocrx_word' id='word_1_44' title='bbox 985 1185 1213 1263; x_wconf 85' lang='lat' dir='ltr'>praecepimus</span> <span class='ocrx_word' id='word_1_45' title='bbox 1230 1189 1325 1248; x_wconf 85' lang='lat' dir='ltr'>ante!</span> 
     </span>
    </p>

    <p class='ocr_par' dir='ltr' id='par_1_8' title="bbox 292 1293 1183 1372">
     <span class='ocr_line' id='line_1_8' title="bbox 292 1293 1183 1372; baseline 0.002 -18"><span class='ocrx_word' id='word_1_46' title='bbox 292 1298 327 1354; x_wconf 84' lang='lat' dir='ltr'>ot</span> <span class='ocrx_word' id='word_1_47' title='bbox 344 1313 418 1354; x_wconf 90' lang='lat' dir='ltr'>cum</span> <span class='ocrx_word' id='word_1_48' title='bbox 435 1294 580 1355; x_wconf 90' lang='lat' dir='ltr'>membra</span> <span class='ocrx_word' id='word_1_49' title='bbox 596 1293 737 1355; x_wconf 92' lang='lat' dir='ltr'>hominis</span> <span class='ocrx_word' id='word_1_50' title='bbox 755 1293 903 1372; x_wconf 86' lang='lat' dir='ltr'>percepit</span> <span class='ocrx_word' id='word_1_51' title='bbox 920 1294 1053 1357; x_wconf 85' lang='lat' dir='ltr'>feruida</span> <span class='ocrx_word' id='word_1_52' title='bbox 1071 1294 1183 1367; x_wconf 81' lang='lat' dir='ltr'>febris,</span> 
     </span>
    </p>

    <p class='ocr_par' dir='ltr' id='par_1_9' title="bbox 249 1401 1155 1591">
     <span class='ocr_line' id='line_1_9' title="bbox 292 1401 1063 1481; baseline 0.003 -17"><span class='ocrx_word' id='word_1_53' title='bbox 292 1409 363 1464; x_wconf 92' lang='lat' dir='ltr'>tum</span> <span class='ocrx_word' id='word_1_54' title='bbox 379 1401 417 1463; x_wconf 87' lang='lat' dir='ltr'>fit</span> <span class='ocrx_word' id='word_1_55' title='bbox 433 1403 513 1465; x_wconf 93' lang='lat' dir='ltr'>odor</span> <span class='ocrx_word' id='word_1_56' title='bbox 527 1402 599 1465; x_wconf 93' lang='lat' dir='ltr'>uini</span> <span class='ocrx_word' id='word_1_57' title='bbox 616 1404 732 1481; x_wconf 84' lang='lat' dir='ltr'>plagae</span> <span class='ocrx_word' id='word_1_58' title='bbox 748 1403 933 1466; x_wconf 90' lang='lat' dir='ltr'>mactabilis</span> <span class='ocrx_word' id='word_1_59' title='bbox 948 1403 1063 1466; x_wconf 85' lang='lat' dir='ltr'>instar.</span> 
     </span>
     <span class='ocr_line' id='line_1_10' title="bbox 249 1512 1155 1591; baseline 0.006 -19"><span class='ocrx_word' id='word_1_60' title='bbox 249 1531 401 1575; x_wconf 90' lang='lat' dir='ltr'>—nonne</span> <span class='ocrx_word' id='word_1_61' title='bbox 417 1512 511 1576; x_wconf 90' lang='lat' dir='ltr'>uides</span> <span class='ocrx_word' id='word_1_62' title='bbox 527 1512 625 1575; x_wconf 88' lang='lat' dir='ltr'>etiam</span> <span class='ocrx_word' id='word_1_63' title='bbox 642 1520 733 1576; x_wconf 90' lang='lat' dir='ltr'>terra</span> <span class='ocrx_word' id='word_1_64' title='bbox 750 1533 878 1590; x_wconf 91' lang='lat' dir='ltr'>quoque</span> <span class='ocrx_word' id='word_1_65' title='bbox 895 1514 1014 1591; x_wconf 88' lang='lat' dir='ltr'>sulpur</span> <span class='ocrx_word' id='word_1_66' title='bbox 1030 1513 1065 1574; x_wconf 92' lang='lat' dir='ltr'>in</span> <span class='ocrx_word' id='word_1_67' title='bbox 1082 1514 1155 1591; x_wconf 87' lang='lat' dir='ltr'>ipsa</span> 
     </span>
    </p>

    <p class='ocr_par' dir='ltr' id='par_1_10' title="bbox 292 1621 1119 1700">
     <span class='ocr_line' id='line_1_11' title="bbox 292 1621 1119 1700; baseline 0.002 -17"><span class='ocrx_word' id='word_1_68' title='bbox 292 1621 421 1700; x_wconf 81' lang='lat' dir='ltr'>gignier</span> <span class='ocrx_word' id='word_1_69' title='bbox 438 1629 470 1684; x_wconf 87' lang='lat' dir='ltr'>et</span> <span class='ocrx_word' id='word_1_70' title='bbox 488 1630 596 1684; x_wconf 88' lang='lat' dir='ltr'>taetro</span> <span class='ocrx_word' id='word_1_71' title='bbox 612 1643 816 1686; x_wconf 88' lang='lat' dir='ltr'>concrescere</span> <span class='ocrx_word' id='word_1_72' title='bbox 835 1624 932 1685; x_wconf 93' lang='lat' dir='ltr'>odore</span> <span class='ocrx_word' id='word_1_73' title='bbox 950 1623 1119 1686; x_wconf 83' lang='lat' dir='ltr'>bitumenl</span> 
     </span>
    </p>

    <p class='ocr_par' dir='ltr' id='par_1_11' title="bbox 292 1731 1210 1809">
     <span class='ocr_line' id='line_1_12' title="bbox 292 1731 1210 1809; baseline 0 -15"><span class='ocrx_word' id='word_1_74' title='bbox 292 1731 433 1809; x_wconf 82' lang='lat' dir='ltr'>denique</span> <span class='ocrx_word' id='word_1_75' title='bbox 450 1731 507 1794; x_wconf 90' lang='lat' dir='ltr'>ubi</span> <span class='ocrx_word' id='word_1_76' title='bbox 525 1733 654 1809; x_wconf 85' lang='lat' dir='ltr'>argenti</span> <span class='ocrx_word' id='word_1_77' title='bbox 672 1753 775 1795; x_wconf 87' lang='lat' dir='ltr'>uenas</span> <span class='ocrx_word' id='word_1_78' title='bbox 793 1732 931 1809; x_wconf 89' lang='lat' dir='ltr'>aurique</span> <span class='ocrx_word' id='word_1_79' title='bbox 948 1740 1114 1809; x_wconf 84' lang='lat' dir='ltr'>secuntur,</span> <span class='ocrx_word' id='word_1_80' title='bbox 1207 1766 1210 1767; x_wconf 25' lang='grc' dir='ltr'><em>ν</em></span> 
     </span>
    </p>

    <p class='ocr_par' dir='ltr' id='par_1_12' title="bbox 290 1842 992 1919">
     <span class='ocr_line' id='line_1_13' title="bbox 290 1842 992 1919; baseline 0.001 -15"><span class='ocrx_word' id='word_1_81' title='bbox 290 1842 394 1904; x_wconf 88' lang='lat' dir='ltr'>terrai</span> <span class='ocrx_word' id='word_1_82' title='bbox 410 1842 544 1919; x_wconf 88' lang='lat' dir='ltr'>penitus</span> <span class='ocrx_word' id='word_1_83' title='bbox 560 1849 745 1905; x_wconf 89' lang='lat' dir='ltr'>scrutantes</span> <span class='ocrx_word' id='word_1_84' title='bbox 762 1843 876 1906; x_wconf 87' lang='lat' dir='ltr'>abdita</span> <span class='ocrx_word' id='word_1_85' title='bbox 892 1842 992 1919; x_wconf 82' lang='lat' dir='ltr'>ferro,</span> 
     </span>
    </p>

    <p class='ocr_par' dir='ltr' id='par_1_13' title="bbox 291 1950 1067 2030">
     <span class='ocr_line' id='line_1_14' title="bbox 291 1950 1067 2030; baseline 0.001 -16"><span class='ocrx_word' id='word_1_86' title='bbox 291 1952 398 2030; x_wconf 90' lang='lat' dir='ltr'>qualis</span> <span class='ocrx_word' id='word_1_87' title='bbox 417 1951 545 2030; x_wconf 88' lang='lat' dir='ltr'>expiret</span> <span class='ocrx_word' id='word_1_88' title='bbox 564 1952 783 2030; x_wconf 81' lang='lat' dir='ltr'>Scaptensula</span> <span class='ocrx_word' id='word_1_89' title='bbox 799 1950 913 2015; x_wconf 87' lang='lat' dir='ltr'>subter</span> <span class='ocrx_word' id='word_1_90' title='bbox 931 1954 1067 2015; x_wconf 86' lang='lat' dir='ltr'>odoresl</span> 
     </span>
    </p>

    <p class='ocr_par' dir='ltr' id='par_1_14' title="bbox 292 2062 1065 2139">
     <span class='ocr_line' id='line_1_15' title="bbox 292 2062 1065 2139; baseline -0.001 -15"><span class='ocrx_word' id='word_1_91' title='bbox 292 2062 414 2139; x_wconf 89' lang='lat' dir='ltr'>quidue</span> <span class='ocrx_word' id='word_1_92' title='bbox 431 2063 509 2124; x_wconf 88' lang='lat' dir='ltr'>mali</span> <span class='ocrx_word' id='word_1_93' title='bbox 526 2062 563 2124; x_wconf 87' lang='lat' dir='ltr'>fit</span> <span class='ocrx_word' id='word_1_94' title='bbox 578 2069 617 2125; x_wconf 93' lang='lat' dir='ltr'>ut</span> <span class='ocrx_word' id='word_1_95' title='bbox 633 2063 763 2124; x_wconf 84' lang='lat' dir='ltr'>exalent</span> <span class='ocrx_word' id='word_1_96' title='bbox 780 2068 899 2125; x_wconf 88' lang='lat' dir='ltr'>aurata</span> <span class='ocrx_word' id='word_1_97' title='bbox 915 2063 1065 2125; x_wconf 84' lang='lat' dir='ltr'>metalla!</span> 
     </span>
    </p>

    <p class='ocr_par' dir='ltr' id='par_1_15' title="bbox 291 2172 1186 2249">
     <span class='ocr_line' id='line_1_16' title="bbox 291 2172 1186 2249; baseline 0 -15"><span class='ocrx_word' id='word_1_98' title='bbox 291 2192 373 2249; x_wconf 89' lang='lat' dir='ltr'>quas</span> <span class='ocrx_word' id='word_1_99' title='bbox 389 2172 559 2235; x_wconf 92' lang='lat' dir='ltr'>homiuum</span> <span class='ocrx_word' id='word_1_100' title='bbox 576 2172 722 2235; x_wconf 91' lang='lat' dir='ltr'>reddunt</span> <span class='ocrx_word' id='word_1_101' title='bbox 740 2172 843 2235; x_wconf 84' lang='lat' dir='ltr'>facies</span> <span class='ocrx_word' id='word_1_102' title='bbox 860 2172 1031 2249; x_wconf 89' lang='lat' dir='ltr'>qualisque</span> <span class='ocrx_word' id='word_1_103' title='bbox 1048 2173 1186 2235; x_wconf 88' lang='lat' dir='ltr'>colores!</span> 
     </span>
    </p>

    <p class='ocr_par' dir='ltr' id='par_1_16' title="bbox 291 2282 1128 2360">
     <span class='ocr_line' id='line_1_17' title="bbox 291 2282 1128 2360; baseline 0.001 -17"><span class='ocrx_word' id='word_1_104' title='bbox 291 2302 399 2345; x_wconf 83' lang='lat' dir='ltr'>aonne</span> <span class='ocrx_word' id='word_1_105' title='bbox 415 2282 508 2344; x_wconf 87' lang='lat' dir='ltr'>uides</span> <span class='ocrx_word' id='word_1_106' title='bbox 525 2282 662 2345; x_wconf 87' lang='lat' dir='ltr'>audisue</span> <span class='ocrx_word' id='word_1_107' title='bbox 681 2282 789 2360; x_wconf 90' lang='lat' dir='ltr'>perire</span> <span class='ocrx_word' id='word_1_108' title='bbox 806 2282 841 2343; x_wconf 91' lang='lat' dir='ltr'>in</span> <span class='ocrx_word' id='word_1_109' title='bbox 858 2289 1004 2359; x_wconf 88' lang='lat' dir='ltr'>tempore</span> <span class='ocrx_word' id='word_1_110' title='bbox 1021 2302 1128 2359; x_wconf 92' lang='lat' dir='ltr'>paruo</span> 
     </span>
    </p>

    <p class='ocr_par' dir='ltr' id='par_1_17' title="bbox 291 2391 1014 2470">
     <span class='ocr_line' id='line_1_18' title="bbox 291 2391 1014 2470; baseline -0.001 -16"><span class='ocrx_word' id='word_1_111' title='bbox 291 2413 390 2469; x_wconf 91' lang='lat' dir='ltr'>quam</span> <span class='ocrx_word' id='word_1_112' title='bbox 405 2393 530 2455; x_wconf 91' lang='lat' dir='ltr'>soleant</span> <span class='ocrx_word' id='word_1_113' title='bbox 546 2399 578 2455; x_wconf 91' lang='lat' dir='ltr'>et</span> <span class='ocrx_word' id='word_1_114' title='bbox 595 2413 693 2469; x_wconf 91' lang='lat' dir='ltr'>quam</span> <span class='ocrx_word' id='word_1_115' title='bbox 709 2392 793 2454; x_wconf 89' lang='lat' dir='ltr'>uitai</span> <span class='ocrx_word' id='word_1_116' title='bbox 810 2392 904 2470; x_wconf 89' lang='lat' dir='ltr'>copia</span> <span class='ocrx_word' id='word_1_117' title='bbox 920 2391 1014 2468; x_wconf 88' lang='lat' dir='ltr'>desit,</span> 
     </span>
    </p>

    <p class='ocr_par' dir='ltr' id='par_1_18' title="bbox 247 2501 1133 2689">
     <span class='ocr_line' id='line_1_19' title="bbox 291 2501 1133 2580; baseline -0.002 -15"><span class='ocrx_word' id='word_1_118' title='bbox 291 2522 371 2580; x_wconf 92' lang='lat' dir='ltr'>quos</span> <span class='ocrx_word' id='word_1_119' title='bbox 388 2522 484 2579; x_wconf 87' lang='lat' dir='ltr'>opere</span> <span class='ocrx_word' id='word_1_120' title='bbox 500 2501 535 2563; x_wconf 90' lang='lat' dir='ltr'>in</span> <span class='ocrx_word' id='word_1_121' title='bbox 552 2503 612 2564; x_wconf 88' lang='lat' dir='ltr'>tali</span> <span class='ocrx_word' id='word_1_122' title='bbox 627 2502 754 2565; x_wconf 89' lang='lat' dir='ltr'>cohibet</span> <span class='ocrx_word' id='word_1_123' title='bbox 770 2502 822 2564; x_wconf 92' lang='lat' dir='ltr'>uis</span> <span class='ocrx_word' id='word_1_124' title='bbox 838 2522 958 2579; x_wconf 89' lang='lat' dir='ltr'>magna</span> <span class='ocrx_word' id='word_1_125' title='bbox 974 2501 1133 2564; x_wconf 80' lang='lat' dir='ltr'>necessisl</span> 
     </span>
     <span class='ocr_line' id='line_1_20' title="bbox 247 2612 1020 2689; baseline -0.001 -15"><span class='ocrx_word' id='word_1_126' title='bbox 247 2614 348 2675; x_wconf 91' lang='lat' dir='ltr'>—hos</span> <span class='ocrx_word' id='word_1_127' title='bbox 365 2612 469 2689; x_wconf 89' lang='lat' dir='ltr'>igitur</span> <span class='ocrx_word' id='word_1_128' title='bbox 485 2612 584 2675; x_wconf 90' lang='lat' dir='ltr'>tellus</span> <span class='ocrx_word' id='word_1_129' title='bbox 602 2612 706 2674; x_wconf 88' lang='lat' dir='ltr'>omnis</span> <span class='ocrx_word' id='word_1_130' title='bbox 723 2619 893 2675; x_wconf 85' lang='lat' dir='ltr'>exaestuat</span> <span class='ocrx_word' id='word_1_131' title='bbox 911 2618 1020 2674; x_wconf 89' lang='lat' dir='ltr'>aestus</span> 
     </span>
    </p>

    <p class='ocr_par' dir='ltr' id='par_1_19' title="bbox 291 2720 1154 2800">
     <span class='ocr_line' id='line_1_21' title="bbox 291 2720 1154 2800; baseline -0.003 -16"><span class='ocrx_word' id='word_1_132' title='bbox 291 2722 485 2800; x_wconf 85' lang='lat' dir='ltr'>expiratque</span> <span class='ocrx_word' id='word_1_133' title='bbox 502 2722 592 2784; x_wconf 84' lang='lat' dir='ltr'>foras</span> <span class='ocrx_word' id='word_1_134' title='bbox 609 2722 642 2783; x_wconf 92' lang='lat' dir='ltr'>in</span> <span class='ocrx_word' id='word_1_135' title='bbox 659 2729 812 2799; x_wconf 88' lang='lat' dir='ltr'>apertum</span> <span class='ocrx_word' id='word_1_136' title='bbox 829 2728 1048 2799; x_wconf 87' lang='lat' dir='ltr'>promptaque</span> <span class='ocrx_word' id='word_1_137' title='bbox 1064 2720 1154 2784; x_wconf 87' lang='lat' dir='ltr'>caeli.</span> 
     </span>
    </p>

    <p class='ocr_par' dir='ltr' id='par_1_20' title="bbox 310 2831 1206 2895">
     <span class='ocr_line' id='line_1_22' title="bbox 310 2831 1206 2895; baseline -0.002 0"><span class='ocrx_word' id='word_1_138' title='bbox 310 2831 409 2895; x_wconf 82' lang='lat' dir='ltr'>—Sic</span> <span class='ocrx_word' id='word_1_139' title='bbox 425 2839 457 2894; x_wconf 90' lang='lat' dir='ltr'>et</span> <span class='ocrx_word' id='word_1_140' title='bbox 474 2833 612 2894; x_wconf 86' lang='lat' dir='ltr'>Auerna</span> <span class='ocrx_word' id='word_1_141' title='bbox 627 2834 699 2894; x_wconf 86' lang='lat' dir='ltr'>loca</span> <span class='ocrx_word' id='word_1_142' title='bbox 714 2831 850 2894; x_wconf 91' lang='lat' dir='ltr'>alitibus</span> <span class='ocrx_word' id='word_1_143' title='bbox 865 2831 1069 2893; x_wconf 89' lang='lat' dir='ltr'>summittere</span> <span class='ocrx_word' id='word_1_144' title='bbox 1087 2831 1206 2893; x_wconf 87' lang='lat' dir='ltr'>debent</span> 
     </span>
    </p>

    <p class='ocr_par' dir='ltr' id='par_1_21' title="bbox 290 2940 1161 3018">
     <span class='ocr_line' id='line_1_23' title="bbox 290 2940 1161 3018; baseline -0.003 -13"><span class='ocrx_word' id='word_1_145' title='bbox 290 2941 497 3005; x_wconf 84' lang='lat' dir='ltr'>mortiferam</span> <span class='ocrx_word' id='word_1_146' title='bbox 513 2942 592 3017; x_wconf 83' lang='lat' dir='ltr'>uim,</span> <span class='ocrx_word' id='word_1_147' title='bbox 611 2942 650 3002; x_wconf 91' lang='lat' dir='ltr'>de</span> <span class='ocrx_word' id='word_1_148' title='bbox 668 2948 758 3003; x_wconf 90' lang='lat' dir='ltr'>terra</span> <span class='ocrx_word' id='word_1_149' title='bbox 775 2960 859 3018; x_wconf 91' lang='lat' dir='ltr'>quae</span> <span class='ocrx_word' id='word_1_150' title='bbox 877 2940 985 3018; x_wconf 91' lang='lat' dir='ltr'>surgit</span> <span class='ocrx_word' id='word_1_151' title='bbox 1001 2940 1036 3002; x_wconf 93' lang='lat' dir='ltr'>in</span> <span class='ocrx_word' id='word_1_152' title='bbox 1054 2961 1161 3017; x_wconf 88' lang='lat' dir='ltr'>auras,</span> 
     </span>
    </p>

    <p class='ocr_par' dir='ltr' id='par_1_22' title="bbox 290 3051 1088 3129">
     <span class='ocr_line' id='line_1_24' title="bbox 290 3051 1088 3129; baseline -0.004 -14"><span class='ocrx_word' id='word_1_153' title='bbox 290 3060 328 3115; x_wconf 93' lang='lat' dir='ltr'>ut</span> <span class='ocrx_word' id='word_1_154' title='bbox 344 3051 489 3129; x_wconf 86' lang='lat' dir='ltr'>spatium</span> <span class='ocrx_word' id='word_1_155' title='bbox 506 3051 587 3114; x_wconf 89' lang='lat' dir='ltr'>caeli</span> <span class='ocrx_word' id='word_1_156' title='bbox 603 3052 745 3128; x_wconf 89' lang='lat' dir='ltr'>quadam</span> <span class='ocrx_word' id='word_1_157' title='bbox 762 3051 802 3113; x_wconf 93' lang='lat' dir='ltr'>de</span> <span class='ocrx_word' id='word_1_158' title='bbox 818 3057 913 3128; x_wconf 90' lang='lat' dir='ltr'>parte</span> <span class='ocrx_word' id='word_1_159' title='bbox 929 3057 1088 3126; x_wconf 89' lang='lat' dir='ltr'>uenenet;</span> 
     </span>
    </p>

    <p class='ocr_par' dir='ltr' id='par_1_23' title="bbox 292 3159 1096 3239">
     <span class='ocr_line' id='line_1_25' title="bbox 292 3159 1096 3239; baseline -0.002 -15"><span class='ocrx_word' id='word_1_160' title='bbox 292 3182 357 3239; x_wconf 93' lang='lat' dir='ltr'>quo</span> <span class='ocrx_word' id='word_1_161' title='bbox 371 3162 469 3223; x_wconf 91' lang='lat' dir='ltr'>simul</span> <span class='ocrx_word' id='word_1_162' title='bbox 484 3182 522 3224; x_wconf 88' lang='lat' dir='ltr'>ac</span> <span class='ocrx_word' id='word_1_163' title='bbox 539 3161 684 3239; x_wconf 92' lang='lat' dir='ltr'>primum</span> <span class='ocrx_word' id='word_1_164' title='bbox 700 3159 817 3238; x_wconf 92' lang='lat' dir='ltr'>pennis</span> <span class='ocrx_word' id='word_1_165' title='bbox 834 3160 944 3223; x_wconf 88' lang='lat' dir='ltr'>delata</span> <span class='ocrx_word' id='word_1_166' title='bbox 960 3160 1003 3222; x_wconf 88' lang='lat' dir='ltr'>sit</span> <span class='ocrx_word' id='word_1_167' title='bbox 1020 3161 1096 3237; x_wconf 88' lang='lat' dir='ltr'>ales,</span> 
     </span>
    </p>

    <p class='ocr_par' dir='ltr' id='par_1_24' title="bbox 291 3271 986 3350">
     <span class='ocr_line' id='line_1_26' title="bbox 291 3271 986 3350; baseline -0.003 -17"><span class='ocrx_word' id='word_1_168' title='bbox 291 3271 493 3350; x_wconf 88' lang='lat' dir='ltr'>impediatur</span> <span class='ocrx_word' id='word_1_169' title='bbox 509 3271 555 3334; x_wconf 94' lang='lat' dir='ltr'>ibi</span> <span class='ocrx_word' id='word_1_170' title='bbox 571 3291 666 3334; x_wconf 85' lang='lat' dir='ltr'>caeco</span> <span class='ocrx_word' id='word_1_171' title='bbox 682 3277 834 3348; x_wconf 89' lang='lat' dir='ltr'>correpta</span> <span class='ocrx_word' id='word_1_172' title='bbox 849 3289 986 3345; x_wconf 83' lang='lat' dir='ltr'>ueneno,</span> 
     </span>
    </p>

    <p class='ocr_par' dir='ltr' id='par_1_25' title="bbox 290 3378 1064 3458">
     <span class='ocr_line' id='line_1_27' title="bbox 290 3378 1064 3458; baseline -0.004 -13"><span class='ocrx_word' id='word_1_173' title='bbox 290 3389 329 3445; x_wconf 90' lang='lat' dir='ltr'>ut</span> <span class='ocrx_word' id='word_1_174' title='bbox 346 3382 443 3444; x_wconf 90' lang='lat' dir='ltr'>cadat</span> <span class='ocrx_word' id='word_1_175' title='bbox 460 3402 476 3444; x_wconf 87' lang='lat' dir='ltr'>e</span> <span class='ocrx_word' id='word_1_176' title='bbox 493 3381 625 3458; x_wconf 89' lang='lat' dir='ltr'>regione</span> <span class='ocrx_word' id='word_1_177' title='bbox 641 3379 713 3455; x_wconf 88' lang='lat' dir='ltr'>loci,</span> <span class='ocrx_word' id='word_1_178' title='bbox 730 3400 796 3457; x_wconf 90' lang='lat' dir='ltr'>qua</span> <span class='ocrx_word' id='word_1_179' title='bbox 813 3378 929 3457; x_wconf 90' lang='lat' dir='ltr'>dirigit</span> <span class='ocrx_word' id='word_1_180' title='bbox 946 3387 1064 3442; x_wconf 90' lang='lat' dir='ltr'>aestus.</span> 
     </span>
    </p>

    <p class='ocr_par' dir='ltr' id='par_1_26' title="bbox 292 3489 1098 3569">
     <span class='ocr_line' id='line_1_28' title="bbox 292 3489 1098 3569; baseline -0.004 -15"><span class='ocrx_word' id='word_1_181' title='bbox 292 3511 445 3569; x_wconf 92' lang='lat' dir='ltr'>quocum</span> <span class='ocrx_word' id='word_1_182' title='bbox 461 3491 601 3566; x_wconf 87' lang='lat' dir='ltr'>conruit,</span> <span class='ocrx_word' id='word_1_183' title='bbox 617 3490 671 3553; x_wconf 92' lang='lat' dir='ltr'>hic</span> <span class='ocrx_word' id='word_1_184' title='bbox 687 3491 800 3554; x_wconf 86' lang='lat' dir='ltr'>eadem</span> <span class='ocrx_word' id='word_1_185' title='bbox 815 3489 867 3552; x_wconf 90' lang='lat' dir='ltr'>uis</span> <span class='ocrx_word' id='word_1_186' title='bbox 883 3489 974 3551; x_wconf 88' lang='lat' dir='ltr'>illius</span> <span class='ocrx_word' id='word_1_187' title='bbox 989 3495 1098 3552; x_wconf 86' lang='lat' dir='ltr'>aestus</span> 
     </span>
    </p>

    <p class='ocr_par' dir='ltr' id='par_1_27' title="bbox 290 3598 1094 3678">
     <span class='ocr_line' id='line_1_29' title="bbox 290 3598 1094 3678; baseline -0.002 -15"><span class='ocrx_word' id='word_1_188' title='bbox 290 3600 460 3678; x_wconf 90' lang='lat' dir='ltr'>relliquias</span> <span class='ocrx_word' id='word_1_189' title='bbox 475 3600 565 3663; x_wconf 90' lang='lat' dir='ltr'>uitae</span> <span class='ocrx_word' id='word_1_190' title='bbox 582 3599 736 3662; x_wconf 90' lang='lat' dir='ltr'>membris</span> <span class='ocrx_word' id='word_1_191' title='bbox 751 3620 791 3661; x_wconf 89' lang='lat' dir='ltr'>ex</span> <span class='ocrx_word' id='word_1_192' title='bbox 806 3598 957 3662; x_wconf 91' lang='lat' dir='ltr'>omnibus</span> <span class='ocrx_word' id='word_1_193' title='bbox 972 3598 1094 3662; x_wconf 84' lang='lat' dir='ltr'>aufert.</span> 
     </span>
    </p>

    <p class='ocr_par' dir='ltr' id='par_1_28' title="bbox 292 3708 1266 3789">
     <span class='ocr_line' id='line_1_30' title="bbox 292 3708 1266 3789; baseline -0.002 -17"><span class='ocrx_word' id='word_1_194' title='bbox 292 3711 415 3789; x_wconf 91' lang='lat' dir='ltr'>quippe</span> <span class='ocrx_word' id='word_1_195' title='bbox 431 3711 550 3774; x_wconf 84' lang='lat' dir='ltr'>etenim</span> <span class='ocrx_word' id='word_1_196' title='bbox 567 3710 675 3788; x_wconf 93' lang='lat' dir='ltr'>primo</span> <span class='ocrx_word' id='word_1_197' title='bbox 690 3709 784 3787; x_wconf 85' lang='lat' dir='ltr'>quasi</span> <span class='ocrx_word' id='word_1_198' title='bbox 800 3709 964 3786; x_wconf 91' lang='lat' dir='ltr'>quendam</span> <span class='ocrx_word' id='word_1_199' title='bbox 980 3708 1106 3771; x_wconf 86' lang='lat' dir='ltr'>conciet</span> <span class='ocrx_word' id='word_1_200' title='bbox 1122 3713 1266 3786; x_wconf 84' lang='lat' dir='ltr'>aestum3</span> 
     </span>
    </p>
   </div>
   <div class='ocr_carea' id='block_1_3' title="bbox 301 3842 742 4106">
    <p class='ocr_par' dir='ltr' id='par_1_29' title="bbox 301 3842 714 4028">
     <span class='ocr_line' id='line_1_31' title="bbox 302 3842 551 3894; baseline -0.012 0"><span class='ocrx_word' id='word_1_201' title='bbox 302 3844 352 3894; x_wconf 80' lang='lat'>799</span> <span class='ocrx_word' id='word_1_202' title='bbox 363 3843 413 3892; x_wconf 77' lang='lat' dir='ltr'>clii</span> <span class='ocrx_word' id='word_1_203' title='bbox 427 3842 551 3894; x_wconf 85' lang='lat' dir='ltr'>lavacris</span> 
     </span>
     <span class='ocr_line' id='line_1_32' title="bbox 301 3907 714 3972; baseline -0.005 -11"><span class='ocrx_word' id='word_1_204' title='bbox 301 3911 481 3962; x_wconf 79' lang='lat' dir='ltr'>sooeffiueris</span> <span class='ocrx_word' id='word_1_205' title='bbox 517 3911 584 3972; x_wconf 70' lang='lat' dir='ltr'>fort.</span> <span class='ocrx_word' id='word_1_206' title='bbox 602 3907 714 3959; x_wconf 84' lang='lat' dir='ltr'>effluviis</span> 
     </span>
     <span class='ocr_line' id='line_1_33' title="bbox 302 3977 630 4028; baseline -0.003 0"><span class='ocrx_word' id='word_1_207' title='bbox 302 3980 354 4028; x_wconf 84' lang='lat'>804</span> <span class='ocrx_word' id='word_1_208' title='bbox 364 3979 477 4028; x_wconf 88' lang='lat' dir='ltr'>domnus</span> <span class='ocrx_word' id='word_1_209' title='bbox 510 3977 630 4027; x_wconf 69' lang='lat' dir='ltr'>altiollo</span> 
     </span>
    </p>

    <p class='ocr_par' dir='ltr' id='par_1_30' title="bbox 302 4045 742 4106">
     <span class='ocr_line' id='line_1_34' title="bbox 302 4045 742 4106; baseline -0.005 -11"><span class='ocrx_word' id='word_1_210' title='bbox 302 4047 353 4096; x_wconf 84' lang='lat'>815</span> <span class='ocrx_word' id='word_1_211' title='bbox 363 4049 506 4096; x_wconf 82' lang='lat' dir='ltr'>necessest</span> <span class='ocrx_word' id='word_1_212' title='bbox 541 4045 608 4106; x_wconf 77' lang='lat' dir='ltr'>fort.</span> <span class='ocrx_word' id='word_1_213' title='bbox 626 4047 742 4094; x_wconf 81' lang='lat' dir='ltr'>coactus</span> 
     </span>
    </p>
   </div>
   <div class='ocr_carea' id='block_1_4' title="bbox 785 4194 859 4245">
    <p class='ocr_par' dir='ltr' id='par_1_31' title="bbox 785 4194 859 4245">
     <span class='ocr_line' id='line_1_35' title="bbox 785 4194 859 4245; baseline 0 -9"><span class='ocrx_word' id='word_1_214' title='bbox 785 4194 859 4245; x_wconf 77' lang='lat'>[242]</span> 
     </span>
    </p>
   </div>
   <div class='ocr_carea' id='block_1_5' title="bbox 0 0 1622 4686">
    <p class='ocr_par' dir='ltr' id='par_1_32' title="bbox 0 0 1622 4686">
     <span class='ocr_line' id='line_1_36' title="bbox 0 0 1622 4686; baseline 0 0"><span class='ocrx_word' id='word_1_215' title='bbox 0 0 1622 4686; x_wconf 95' lang='lat' dir='ltr'> </span> 
     </span>
    </p>
   </div>
  </div>
 </body>
</html>
