3234 4686
632 494 685 544 nn
703 494 834 544 aarum
852 457 1006 543 NATVRA
1029 493 1053 543 ν

330 707 466 770 uocibus
481 716 514 770 et
530 709 642 771 uarios
658 709 784 771 sonitus
801 709 949 771 emittere
966 708 1109 786 linguae,

330 824 477 894 tempore
493 819 605 881 eodem
620 817 677 881 alii
693 818 803 881 facere
820 818 853 880 id
870 838 937 880 non
953 818 1061 895 quisse
1077 820 1262 895 putentur?

330 934 501 1003 praeterea
516 927 544 989 si
560 947 626 989 non
643 928 700 990 alii
717 948 845 1005 quoque
860 928 997 990 uocibus
1012 927 1064 989 usi

330 1036 418 1099 inter
434 1056 467 1099 se
483 1036 629 1114 fuerant,
645 1038 734 1101 unde
750 1037 851 1100 insita
867 1037 1001 1100 notities
1016 1043 1064 1100 est

330 1144 488 1208 utilitatis
503 1154 535 1208 et
550 1147 638 1209 unde
654 1148 733 1209 data
749 1154 797 1210 est
812 1148 889 1209 huic
905 1146 1013 1225 prima
1028 1152 1183 1224 potestas,

331 1255 412 1332 quid
427 1256 528 1318 uellet
544 1255 653 1320 faeere
670 1263 708 1318 ut
723 1256 822 1319 sciret
838 1256 1011 1333 animoque
1026 1256 1178 1318 uideret?

331 1385 444 1442 cogere
460 1364 538 1427 item
554 1365 662 1443 pluris
677 1386 764 1428 unus
779 1365 948 1443 uictosque
965 1364 1096 1428 domare

330 1494 397 1536 non
413 1481 554 1552 poterat,
570 1495 682 1537 rerum
698 1481 736 1537 ut
753 1475 938 1553 perdiscere
955 1475 1088 1538 nomina
1104 1475 1246 1551 uellent;

329 1603 389 1646 nec
404 1583 532 1646 ratione
546 1584 660 1647 docere
675 1586 745 1647 ulla
760 1586 962 1662 suadereque
977 1585 1096 1661 surdis

331 1692 412 1770 quid
426 1693 470 1755 sit
486 1713 570 1771 opus
584 1693 683 1770 facto,
699 1693 847 1770 facilest3
863 1715 969 1772 neque
985 1694 1072 1757 enim
1089 1700 1285 1772 paterentur

330 1822 389 1864 nec
405 1802 533 1865 ratione
547 1803 617 1865 ulla
632 1803 695 1865 sibi
712 1803 840 1865 ferrent
856 1803 999 1881 amplius
1016 1804 1106 1866 auris

330 1911 420 1974 uocis
434 1912 601 1974 inauditos
615 1913 741 1975 sonitus
755 1914 937 1976 obtundere
952 1912 1090 1976 frustra.

330 2027 495 2098 postremo
510 2021 590 2098 quid
606 2021 641 2083 in
655 2023 717 2084 hac
731 2022 881 2084 mirabile
897 2029 1102 2100 tantoperest
1118 2044 1162 2098 re,

330 2130 358 2191 si
375 2151 478 2207 genus
493 2132 684 2208 humanum,
702 2131 756 2194 cui
771 2152 837 2194 uox
853 2139 885 2195 et
901 2132 1016 2209 lingua
1032 2132 1170 2209 uigeret,

330 2260 393 2317 pro
405 2240 501 2302 uario
514 2261 611 2303 sensu
626 2241 722 2304 uaria
737 2261 788 2302 res
803 2261 882 2304 uoce
897 2245 1049 2304 notaretl

330 2370 405 2411 cum
421 2351 562 2427 pecudes
578 2358 698 2426 mutae,
716 2372 790 2413 cum
806 2351 948 2428 denique
964 2352 1070 2414 saecla
1086 2351 1235 2415 ferarum

330 2458 499 2521 dissimilis
512 2460 638 2522 soleant
652 2480 747 2523 uoces
762 2461 937 2538 uariasque
952 2460 1046 2537 ciere,

331 2589 405 2630 cum
419 2575 526 2631 metus
541 2575 599 2631 aut
614 2570 708 2631 dolor
723 2576 771 2633 est
786 2577 817 2634 et
834 2591 908 2632 cum
923 2570 989 2632 iam
1004 2570 1128 2647 gaudia
1142 2570 1296 2647 gliscunt.

287 2677 454 2755 —quippe
472 2678 592 2741 etenim
615 2678 723 2750 <id>
746 2679 822 2741 licet
839 2679 874 2740 in
891 2681 989 2741 rebus
1005 2699 1196 2756 cognoscere
1213 2679 1349 2756 apertis

330 2787 469 2850 inritata
485 2809 604 2850 canum
621 2809 695 2850 cum
711 2789 856 2866 primum
872 2809 992 2866 magna
1008 2790 1185 2851 Molossum

329 2897 441 2959 mollia
458 2897 543 2960 ricta
562 2897 711 2961 fremunt
730 2899 831 2961 duros
849 2898 1014 2961 nudantia
1032 2899 1154 2974 dentes,

329 3008 425 3084 longe
443 3007 508 3069 alio
526 3007 636 3069 sonitu
654 3007 744 3070 rabie
768 3007 1000 3079 <re>stricta
1018 3007 1198 3083 minantur,

330 3122 362 3178 et
379 3137 453 3178 cum
469 3116 534 3178 iam
550 3118 676 3179 latrant
692 3123 724 3179 et
739 3117 875 3179 uocibus
892 3117 1001 3180 omnia
1018 3118 1191 3195 complent.

331 3233 364 3288 at
380 3227 506 3288 catulos
521 3227 640 3288 blande
657 3247 731 3288 cum
747 3226 862 3303 lingua
877 3227 1020 3289 lambere
1037 3232 1203 3304 temptant

330 3342 388 3397 aut
404 3335 462 3397 ubi
478 3355 530 3397 eos
546 3336 672 3398 lactant
688 3335 827 3413 pedibus
843 3356 1017 3413 morsuque
1034 3343 1182 3413 petentes

329 3444 496 3522 suspensis
512 3452 642 3507 teneros
658 3444 834 3507 imitantur
852 3444 1006 3507 dentibus
1022 3446 1170 3521 haustus,

329 3556 425 3631 longe
443 3554 508 3617 alio
525 3561 623 3632 pacto
640 3554 781 3631 gannitu
798 3554 889 3616 uocis
906 3555 1055 3630 adulant,

330 3671 362 3726 et
379 3684 452 3726 cum
469 3663 591 3727 deserti
608 3665 798 3726 baubantur
815 3664 849 3724 in
868 3662 1003 3726 aedibus
1021 3670 1079 3726 aut
1096 3684 1170 3725 cum

329 3772 492 3851 plorantis
509 3772 646 3850 fugiunt
663 3773 835 3835 summisso
851 3792 985 3850 corpore
1004 3773 1128 3850 plagas.

330 3882 471 3960 denique
488 3903 555 3945 non
572 3882 724 3945 hinnitus
742 3883 820 3945 item
838 3882 974 3944 differre
991 3882 1136 3958 uidetur,

324 4014 391 4063 1062
401 4014 474 4074 vulp.
491 4014 596 4064 etenim
611 4014 680 4064 licet
696 4012 726 4063 id
742 4014 826 4063 rebus

324 4082 471 4143 -1065fort
484 4084 604 4139 <vox>
627 4118 633 4130 .
653 4118 659 4130 .
680 4119 686 4130 .
705 4081 826 4130 minatur

324 4150 391 4198 1067
402 4150 474 4210 vulp.
490 4153 518 4198 et
551 4149 618 4210 fort.
633 4152 682 4197 aut

824 4257 898 4308 [200]
