3234 4684
485 418 537 467 DE
555 418 688 467 RERVM
705 417 860 467 NATVRA
879 418 896 467 1

168 656 248 697 cum
263 634 370 711 lapidi
386 634 421 695 in
437 634 583 711 lapidem
598 633 745 710 terimus,
761 654 896 696 manare
912 653 1062 695 cruorem

168 744 336 807 consimili
352 744 481 806 ratione
499 744 610 806 herbis
627 763 755 821 quoque
773 763 869 820 saepe
887 744 1039 820 decebat3

169 860 207 917 et
222 854 336 916 latices
352 854 458 916 dulcis
475 861 588 931 guttas
604 853 767 929 similique
783 873 900 931 sapore

169 963 315 1040 mittere,
332 963 499 1041 lanigerae
516 963 607 1040 quali
624 970 702 1025 sunt
718 964 818 1025 ubere
835 962 939 1039 lactis,

170 1073 299 1136 scilicet
315 1079 347 1137 et
364 1073 467 1151 glebis
481 1080 647 1136 terrarum
663 1093 760 1149 saepe
777 1072 889 1134 friatis

169 1184 352 1246 herbarum
366 1203 488 1261 genera
502 1190 535 1245 et
550 1182 666 1260 fruges
681 1182 881 1259 frondesque
896 1181 1005 1244 uideri

169 1293 352 1371 dispertita
363 1294 538 1385 δ1κ111>
561 1299 686 1355 terram
705 1292 840 1356 latitare
858 1292 994 1368 minute,

170 1410 340 1481 postremo
355 1403 390 1464 in
405 1402 504 1480 lignis
521 1402 662 1465 cinerem
679 1401 874 1479 fumumque
889 1401 1008 1477 uideri,

171 1534 250 1576 cum
266 1514 459 1591 praefracta
474 1512 594 1588 forent,
612 1513 763 1589 ignisque
780 1513 883 1575 111111
899 1512 1053 1574 minutos,

121 1643 316 1700 —quorum
332 1623 381 1684 nil
397 1623 469 1686 fieri
485 1623 641 1700 quoniam
657 1622 836 1684 manifesta
852 1622 945 1684 (11011
962 1642 1023 1697 res,

172 1733 262 1796 scire·
273 1732 350 1796 licet
366 1753 432 1795 non
450 1753 516 1796 esse
532 1732 568 1794 iu
584 1734 681 1795 rebus
697 1753 749 1795 res
765 1731 813 1795 ita
828 1731 958 1807 mixtas,

171 1863 292 1906 uerum
311 1843 435 1906 semina
453 1842 657 1905 multimodis
675 1834 816 1904 inmixta
834 1843 936 1903 latere

171 1954 356 2016 multarum
373 1974 485 2016 rerum
501 1953 537 2013 iu
554 1953 651 2014 rebus
669 1951 854 2014 communia
871 1952 1000 2014 debent.

194 2064 245 2109 —‘
253 2064 300 2125 At
316 2083 412 2140 saepe
429 2062 464 2123 in
480 2061 609 2140 magnis
625 2062 663 2125 fit
679 2060 860 2124 montibus'
878 2061 989 2137 inquis
1006 2061 1058 2122 ‘ut
1076 2059 1152 2123 altis

173 2173 348 2235 arboribus
363 2172 475 2235 uicina
491 2172 662 2235 cacumina
678 2192 806 2234 summa
822 2178 975 2234 terantur

172 2283 262 2344 inter
278 2302 319 2358 se,
337 2281 458 2344 ualidis
475 2282 584 2345 facere
601 2282 636 2343 id
653 2281 844 2360 cogentibus
861 2280 991 2356 austris,

173 2394 276 2455 donec
292 2392 435 2454 flammai
451 2391 620 2454 fulserunt
636 2391 714 2454 flore
730 2390 864 2453 coorto’

127 2502 308 2578 —scilicet
324 2509 357 2565 et
372 2522 438 2564 non
455 2508 503 2564 est
518 2501 619 2579 liguis
633 2509 743 2564 tamen
759 2501 880 2563 insitus
894 2500 989 2577 ignis,

172 2613 291 2675 uerum
306 2612 430 2674 semina
443 2618 521 2673 sunt
537 2611 665 2674 ardoris
678 2612 792 2687 multa,
807 2611 945 2673 terendo

173 2741 257 2799 quae
274 2742 348 2784 cum
363 2722 558 2797 confluxere,
575 2728 688 2784 creant
704 2721 856 2783 incendia
872 2720 972 2782 silvis

173 2833 261 2909 quod
279 2831 307 2893 si
323 2830 414 2894 facta
429 2831 518 2894 foret
534 2830 627 2893 siluis
643 2831 836 2893 abscondita
851 2830 991 2905 flamma,

173 2961 241 3004 non
256 2948 389 3019 possent
404 2943 510 3004 ullum
524 2948 656 3018 tempus
670 2940 807 3003 celarier
823 2940 931 3017 ignes;

173 3050 347 3114 conficeret
363 3053 461 3129 uolgo
476 3051 586 3126 siluas,
604 3052 740 3113 arbusta
757 3057 925 3112 cremaret.

129 3162 282 3224 —iamne
298 3161 393 3223 uides
410 3161 522 3238 igitur,
541 3161 642 3238 paulo
658 3161 745 3236 quod
764 3159 907 3221 diximus
924 3166 1010 3235 ante,
1038 3170 1040 3175 ’

173 3271 347 3349 permagni
365 3270 490 3333 referre
508 3271 620 3333 eadem
639 3269 823 3347 primordia
839 3290 935 3347 saepe

139 3467 141 3471 Ι
174 3402 247 3444 cum
265 3381 384 3457 quibus
402 3387 433 3442 et
450 3379 541 3456 quali
558 3379 708 3457 positura
725 3379 958 3441 contineantur

174 3499 206 3554 et
220 3511 302 3568 quos
316 3490 404 3552 inter
418 3510 451 3553 se
467 3490 546 3552 dent
560 3497 668 3551 motus
683 3488 922 3566 accipiantque,

174 3606 272 3677 atque
290 3600 402 3663 eadem
419 3599 521 3676 paulo
536 3599 624 3661 inter
640 3619 673 3660 se
690 3604 820 3661 mutata
837 3618 947 3660 creare

174 3710 266 3787 ignes
282 3718 315 3772 et
330 3709 479 3796 lignuml
497 3728 562 3785 quo
577 3715 676 3786 pacto
690 3709 793 3770 uerba
809 3727 938 3784 quoque
955 3706 1027 3784 ipsa

173 3819 261 3882 inter
278 3840 311 3882 se
329 3818 431 3896 paulo
446 3817 583 3879 mutatis
601 3825 679 3880 sunt
697 3816 873 3892 elementis

174 3950 248 3991 cum
263 3929 357 4006 ligna
373 3935 472 4004 atque
490 3927 581 4004 ignes
599 3926 756 3989 distincta
773 3945 852 3988 uoce
869 3931 1027 3988 notemus.

174 4039 314 4116 denique
330 4038 397 4100 iam
413 4056 635 4114 quaecumque
651 4036 687 4097 iu
703 4037 802 4098 rebus
815 4033 922 4096 cernis
938 4032 1063 4112 apertis

677 4200 734 4252 [311
792 4199 796 4205 ’
