3234 4686
598 452 649 501 DE
667 451 800 501 RERVM
817 451 971 501 NATVRA
994 452 1034 501 1⁷1

290 666 427 743 (uentus
444 666 530 730 enim
547 667 594 744 fit,
612 666 669 730 ubi
686 674 734 731 est
751 668 910 745 agitando
926 668 1071 745 percitus
1089 668 1171 744 aer.)

262 775 358 838 -hic
374 775 432 838 ubi
449 776 612 853 percaluit
629 777 843 854 calefecitque
860 777 969 840 omnia
986 777 1110 840 circum

304 905 385 948 saxa
400 885 526 962 furens,
543 906 609 963 qua
626 886 798 964 contingit,
815 894 1012 964 terramque,
1030 893 1063 950 et
1079 888 1120 950 ab
1138 887 1211 949 ollis

305 994 447 1058 excussit
465 995 609 1058 calidum
626 995 766 1058 flammis
783 996 949 1059 uelocibus
966 996 1085 1074 ignem,

304 1103 392 1167 tollit
407 1124 441 1166 se
457 1126 494 1168 ac
511 1105 609 1168 rectis
624 1105 673 1168 ita
688 1105 843 1168 faucibus
858 1106 935 1168 eicit
950 1107 1025 1168 alte.

304 1213 373 1277 fert
390 1214 502 1292 itaque
518 1215 671 1290 ardorem
686 1216 781 1292 longe
799 1217 959 1293 longeque
975 1215 1129 1278 fauillam

303 1324 418 1388 differt
435 1332 467 1388 et
485 1345 594 1388 crassa
611 1325 718 1387 uoluit
736 1325 875 1403 caligine
893 1325 1024 1388 fumum

304 1435 517 1512 extruditque
535 1434 633 1497 simul
649 1436 802 1497 mirando
819 1437 963 1513 pondere
980 1456 1076 1511 saxa3

303 1565 344 1606 ne
358 1545 490 1607 dubites
505 1544 586 1622 quin
600 1546 679 1607 haec
694 1545 817 1607 animai
832 1545 969 1608 turbida
983 1545 1026 1608 sit
1040 1545 1101 1607 uis.

302 1661 476 1733 praeterea
492 1676 613 1733 magna
630 1676 669 1718 ex
685 1656 775 1732 parti
792 1676 882 1718 mare
898 1655 1019 1718 montis
1036 1657 1079 1718 ad
1096 1655 1166 1719 eius

304 1765 430 1827 radices
448 1764 578 1842 frangit
595 1765 715 1828 fluctus
732 1773 922 1842 aestumque
940 1767 1094 1828 resorbet.

304 1897 343 1937 cx
358 1876 418 1937 hoc
433 1895 536 1952 usque
552 1874 636 1937 mari
653 1877 827 1953 speluncae
844 1875 966 1937 montis
981 1877 1023 1937 ad
1040 1876 1124 1938 altas

303 1985 505 2062 perueniunt
520 1987 633 2048 subter
649 1985 771 2048 fauces.
809 1987 870 2047 hac
886 1985 933 2048 ire
950 1984 1156 2047 fatendumst

304 2102 336 2158 et
353 2102 527 2172 penetrare
544 2095 628 2157 mari
647 2095 780 2173 penitus
797 2116 849 2158 res
866 2095 952 2172 cogit
970 2102 1087 2173 aperto

303 2212 402 2282 atque
418 2205 522 2267 efflare
538 2204 629 2267 foras
646 2205 782 2282 ideoque
799 2206 954 2267 extollere
970 2204 1135 2268 flammam

302 2335 446 2392 saxaque
463 2314 645 2378 subiectare
664 2321 695 2378 et
713 2335 831 2378 arenae
848 2316 963 2378 tollere
980 2315 1116 2377 nimbos.

288 2425 340 2501 (in
356 2445 482 2487 summo
496 2432 574 2487 sunt
589 2425 713 2487 uertice
730 2424 817 2486 enim
834 2432 984 2500 crateres,
1000 2432 1039 2486 ut
1056 2424 1120 2502 ipsi

302 2534 520 2611 nominitant;
536 2555 595 2596 nos
611 2535 698 2611 quod
715 2534 828 2597 fauces
843 2534 1052 2612 perhibemus
1067 2542 1099 2597 et
1116 2534 1199 2610 ora.)

350 2729 454 2807 (Sunt
471 2730 596 2807 aliquot
614 2749 741 2807 quoque
758 2750 810 2792 res
827 2750 968 2806 quarum
983 2750 1085 2791 unam
1102 2729 1210 2793 dicere
1227 2751 1362 2795 causam

302 2861 368 2902 non
385 2839 465 2903 satis
481 2847 539 2915 est,
556 2860 674 2902 uerum
690 2839 805 2917 pluris,
823 2841 912 2902 unde
928 2860 996 2901 una
1011 2846 1123 2902 tamen
1139 2839 1199 2917 sit;

303 2970 422 3028 corpus
437 2957 476 3012 ut
493 2949 680 3013 exanimum
697 2948 814 3026 siquod
831 2949 946 3027 procul
963 2949 1032 3026 ipse
1050 2949 1155 3012 iacere

301 3060 482 3137 conspicias
499 3059 648 3135 hominis,
666 3059 704 3121 fit
720 3066 758 3121 ut
776 3059 880 3121 omnis
899 3058 1006 3122 dicere
1024 3079 1139 3121 causas

302 3168 477 3232 conueniat
494 3168 562 3244 leti,
580 3168 712 3230 dicatur
729 3174 767 3229 ut
784 3167 874 3229 illius
891 3187 968 3229 una.

302 3300 379 3342 nam
393 3298 498 3355 neque
515 3298 588 3340 eum
604 3277 696 3340 ferro
710 3298 769 3339 nec
786 3277 911 3354 frigore
926 3276 1058 3339 uincere
1074 3276 1177 3354 possis

302 3388 465 3451 interiisse
483 3408 588 3464 neque
607 3408 626 3450 a
644 3388 757 3449 morbo
774 3407 879 3463 neque
898 3386 985 3449 forte
1003 3406 1139 3462 ueneno,

301 3519 419 3561 uerum
435 3497 561 3574 aliquid
578 3517 695 3574 genere
712 3517 778 3560 esse
794 3518 834 3559 ex
849 3498 909 3558 hoc
926 3496 1013 3572 quod
1028 3495 1167 3573 contigit
1182 3495 1213 3559 ei
1407 3493 1452 3544 710

301 3609 430 3672 scimus.
468 3606 547 3670 item
563 3607 598 3668 in
613 3606 727 3668 multis
742 3607 803 3668 hoo
818 3607 916 3669 rebus
931 3605 1039 3668 dicere
1055 3605 1238 3683 habemus.)

668 3880 718 3930 DE
738 3879 831 3929 NILO
851 3879 993 3929 FLVVIO

363 3971 460 4033 Nilus
477 3971 511 4032 in
529 3976 685 4033 aestatem
702 3969 818 4031 crescit
834 3967 1022 4045 campisque
1038 3967 1215 4045 redundat,

311 4106 361 4154 698
373 4103 439 4165 sort.
455 4106 572 4153 ventum

796 4236 869 4286 [2381
