<?xml version="1.0" encoding="UTF-8"?>
<!DOCTYPE html PUBLIC "-//W3C//DTD XHTML 1.0 Transitional//EN"
    "http://www.w3.org/TR/xhtml1/DTD/xhtml1-transitional.dtd">
<html xmlns="http://www.w3.org/1999/xhtml" xml:lang="en" lang="en">
 <head>
  <title>
</title>
<meta http-equiv="Content-Type" content="text/html;charset=utf-8" />
  <meta name='ocr-system' content='tesseract 3.04.00' />
  <meta name='ocr-capabilities' content='ocr_page ocr_carea ocr_par ocr_line ocrx_word'/>
</head>
<body>
  <div class='ocr_page' id='page_1' title='image "./lvcretiderervmn00merrgoog_0028.png"; bbox 0 0 3234 4684; ppageno 0'>
   <div class='ocr_carea' id='block_1_1' title="bbox 510 438 920 490">
    <p class='ocr_par' dir='ltr' id='par_1_1' title="bbox 510 438 920 490">
     <span class='ocr_line' id='line_1_1' title="bbox 510 438 920 490; baseline 0 -2"><span class='ocrx_word' id='word_1_1' title='bbox 510 438 562 489; x_wconf 76' lang='grc' dir='ltr'>ΒΕ</span> <span class='ocrx_word' id='word_1_2' title='bbox 579 439 711 488; x_wconf 81' lang='lat' dir='ltr'>RERVM</span> <span class='ocrx_word' id='word_1_3' title='bbox 729 439 883 490; x_wconf 78' lang='lat' dir='ltr'>NATVRA</span> <span class='ocrx_word' id='word_1_4' title='bbox 903 440 920 488; x_wconf 90' lang='lat' dir='ltr'><strong><em>I</em></strong></span> 
     </span>
    </p>
   </div>
   <div class='ocr_carea' id='block_1_2' title="bbox 191 651 1043 1388">
    <p class='ocr_par' dir='ltr' id='par_1_2' title="bbox 191 651 1031 950">
     <span class='ocr_line' id='line_1_2' title="bbox 191 651 1031 731; baseline 0.004 -18"><span class='ocrx_word' id='word_1_5' title='bbox 191 653 253 714; x_wconf 92' lang='lat' dir='ltr'>hoc</span> <span class='ocrx_word' id='word_1_6' title='bbox 268 651 330 714; x_wconf 90' lang='lat' dir='ltr'>tibi</span> <span class='ocrx_word' id='word_1_7' title='bbox 343 653 385 716; x_wconf 93' lang='lat' dir='ltr'>de</span> <span class='ocrx_word' id='word_1_8' title='bbox 399 653 502 730; x_wconf 90' lang='lat' dir='ltr'>plano</span> <span class='ocrx_word' id='word_1_9' title='bbox 515 672 647 731; x_wconf 91' lang='lat' dir='ltr'>possum</span> <span class='ocrx_word' id='word_1_10' title='bbox 662 652 864 731; x_wconf 81' lang='lat' dir='ltr'><strong>promittere,</strong></span> <span class='ocrx_word' id='word_1_11' title='bbox 882 653 1031 716; x_wconf 92' lang='lat' dir='ltr'>Memmi:</span> 
     </span>
     <span class='ocr_line' id='line_1_3' title="bbox 192 762 1008 840; baseline 0.002 -17"><span class='ocrx_word' id='word_1_12' title='bbox 192 781 296 838; x_wconf 90' lang='lat' dir='ltr'>usque</span> <span class='ocrx_word' id='word_1_13' title='bbox 312 762 394 824; x_wconf 89' lang='lat' dir='ltr'>adeo</span> <span class='ocrx_word' id='word_1_14' title='bbox 407 763 517 840; x_wconf 83' lang='lat' dir='ltr'>largos</span> <span class='ocrx_word' id='word_1_15' title='bbox 530 762 671 825; x_wconf 89' lang='lat' dir='ltr'>haustus</span> <span class='ocrx_word' id='word_1_16' title='bbox 684 782 701 824; x_wconf 98' lang='lat' dir='ltr'>e</span> <span class='ocrx_word' id='word_1_17' title='bbox 716 762 864 825; x_wconf 85' lang='lat' dir='ltr'>fontibu&#39;</span> <span class='ocrx_word' id='word_1_18' title='bbox 879 762 1008 840; x_wconf 79' lang='lat' dir='ltr'>magnis</span> 
     </span>
     <span class='ocr_line' id='line_1_4' title="bbox 192 870 957 950; baseline 0.005 -19"><span class='ocrx_word' id='word_1_19' title='bbox 192 870 309 948; x_wconf 83' lang='lat' dir='ltr'>lingua</span> <span class='ocrx_word' id='word_1_20' title='bbox 324 891 397 934; x_wconf 93' lang='lat' dir='ltr'>meo</span> <span class='ocrx_word' id='word_1_21' title='bbox 411 872 524 934; x_wconf 86' lang='lat' dir='ltr'>suauis</span> <span class='ocrx_word' id='word_1_22' title='bbox 540 872 603 935; x_wconf 92' lang='lat' dir='ltr'>diti</span> <span class='ocrx_word' id='word_1_23' title='bbox 621 872 661 935; x_wconf 92' lang='lat' dir='ltr'>de</span> <span class='ocrx_word' id='word_1_24' title='bbox 678 878 809 950; x_wconf 76' lang='lat' dir='ltr'>pectore</span> <span class='ocrx_word' id='word_1_25' title='bbox 826 871 957 949; x_wconf 79' lang='lat' dir='ltr'>fundet,</span> 
     </span>
    </p>

    <p class='ocr_par' dir='ltr' id='par_1_3' title="bbox 192 981 1043 1388">
     <span class='ocr_line' id='line_1_5' title="bbox 192 981 1043 1059; baseline 0.002 -17"><span class='ocrx_word' id='word_1_26' title='bbox 192 987 232 1043; x_wconf 92' lang='lat' dir='ltr'>ut</span> <span class='ocrx_word' id='word_1_27' title='bbox 247 1000 364 1043; x_wconf 88' lang='lat' dir='ltr'>uerear</span> <span class='ocrx_word' id='word_1_28' title='bbox 379 1001 420 1044; x_wconf 92' lang='lat' dir='ltr'>ne</span> <span class='ocrx_word' id='word_1_29' title='bbox 435 981 533 1044; x_wconf 87' lang='lat' dir='ltr'>tarda</span> <span class='ocrx_word' id='word_1_30' title='bbox 549 981 644 1059; x_wconf 92' lang='lat' dir='ltr'>prius</span> <span class='ocrx_word' id='word_1_31' title='bbox 659 1001 719 1059; x_wconf 91' lang='lat' dir='ltr'>per</span> <span class='ocrx_word' id='word_1_32' title='bbox 733 982 880 1044; x_wconf 86' lang='lat' dir='ltr'>membra</span> <span class='ocrx_word' id='word_1_33' title='bbox 894 989 1043 1044; x_wconf 91' lang='lat' dir='ltr'>senectus</span> 
     </span>
     <span class='ocr_line' id='line_1_6' title="bbox 193 1090 946 1167; baseline 0.005 -17"><span class='ocrx_word' id='word_1_34' title='bbox 193 1098 306 1167; x_wconf 83' lang='lat' dir='ltr'><strong>serpat</strong></span> <span class='ocrx_word' id='word_1_35' title='bbox 322 1096 355 1154; x_wconf 91' lang='lat' dir='ltr'>et</span> <span class='ocrx_word' id='word_1_36' title='bbox 371 1090 406 1151; x_wconf 93' lang='lat' dir='ltr'>in</span> <span class='ocrx_word' id='word_1_37' title='bbox 422 1090 515 1153; x_wconf 88' lang='lat' dir='ltr'>nobis</span> <span class='ocrx_word' id='word_1_38' title='bbox 529 1090 615 1153; x_wconf 90' lang='lat' dir='ltr'>uitai</span> <span class='ocrx_word' id='word_1_39' title='bbox 631 1092 776 1154; x_wconf 88' lang='lat' dir='ltr'>claustra</span> <span class='ocrx_word' id='word_1_40' title='bbox 792 1092 946 1167; x_wconf 89' lang='lat' dir='ltr'>resoluat,</span> 
     </span>
     <span class='ocr_line' id='line_1_7' title="bbox 193 1199 981 1277; baseline -0.001 -16"><span class='ocrx_word' id='word_1_41' title='bbox 193 1219 293 1277; x_wconf 87' lang='lat' dir='ltr'>quam</span> <span class='ocrx_word' id='word_1_42' title='bbox 308 1199 371 1261; x_wconf 92' lang='lat' dir='ltr'>tibi</span> <span class='ocrx_word' id='word_1_43' title='bbox 385 1200 426 1261; x_wconf 91' lang='lat' dir='ltr'>de</span> <span class='ocrx_word' id='word_1_44' title='bbox 442 1200 561 1277; x_wconf 87' lang='lat' dir='ltr'>quauis</span> <span class='ocrx_word' id='word_1_45' title='bbox 575 1221 643 1263; x_wconf 87' lang='lat' dir='ltr'>una</span> <span class='ocrx_word' id='word_1_46' title='bbox 659 1221 694 1263; x_wconf 97' lang='grc'>11</span> <span class='ocrx_word' id='word_1_47' title='bbox 709 1199 860 1262; x_wconf 88' lang='lat' dir='ltr'>uersibus</span> <span class='ocrx_word' id='word_1_48' title='bbox 876 1199 981 1262; x_wconf 89' lang='lat' dir='ltr'>omnis</span> 
     </span>
     <span class='ocr_line' id='line_1_8' title="bbox 193 1309 954 1388; baseline 0 -18"><span class='ocrx_word' id='word_1_49' title='bbox 193 1316 464 1386; x_wconf 83' lang='lat' dir='ltr'>argumentorum</span> <span class='ocrx_word' id='word_1_50' title='bbox 479 1310 523 1372; x_wconf 92' lang='lat' dir='ltr'>sit</span> <span class='ocrx_word' id='word_1_51' title='bbox 538 1310 632 1388; x_wconf 89' lang='lat' dir='ltr'>copia</span> <span class='ocrx_word' id='word_1_52' title='bbox 647 1309 746 1373; x_wconf 90' lang='lat' dir='ltr'>missa</span> <span class='ocrx_word' id='word_1_53' title='bbox 762 1329 822 1387; x_wconf 93' lang='lat' dir='ltr'>per</span> <span class='ocrx_word' id='word_1_54' title='bbox 838 1309 954 1386; x_wconf 87' lang='lat' dir='ltr'>auris.)</span> 
     </span>
    </p>
   </div>
   <div class='ocr_carea' id='block_1_3' title="bbox 258 1654 1149 1813">
    <p class='ocr_par' dir='ltr' id='par_1_4' title="bbox 258 1654 1149 1813">
     <span class='ocr_line' id='line_1_9' title="bbox 258 1654 1128 1734; baseline 0 -16"><span class='ocrx_word' id='word_1_55' title='bbox 258 1654 322 1718; x_wconf 82' lang='lat' dir='ltr'>Sed</span> <span class='ocrx_word' id='word_1_56' title='bbox 340 1676 429 1718; x_wconf 89' lang='lat' dir='ltr'>nunc</span> <span class='ocrx_word' id='word_1_57' title='bbox 445 1663 484 1719; x_wconf 91' lang='lat' dir='ltr'>ut</span> <span class='ocrx_word' id='word_1_58' title='bbox 499 1663 647 1733; x_wconf 84' lang='lat' dir='ltr'>repetam</span> <span class='ocrx_word' id='word_1_59' title='bbox 665 1663 816 1734; x_wconf 92' lang='lat' dir='ltr'>coeptum</span> <span class='ocrx_word' id='word_1_60' title='bbox 833 1664 1004 1734; x_wconf 87' lang='lat' dir='ltr'>pertexere</span> <span class='ocrx_word' id='word_1_61' title='bbox 1021 1656 1128 1733; x_wconf 88' lang='lat' dir='ltr'>dictis,</span> 
     </span>
     <span class='ocr_line' id='line_1_10' title="bbox 301 1760 1149 1813; baseline 0 -1"><span class='ocrx_word' id='word_1_62' title='bbox 301 1760 444 1812; x_wconf 65' lang='lat' dir='ltr'>001³va</span> <span class='ocrx_word' id='word_1_63' title='bbox 466 1762 514 1812; x_wconf 86' lang='grc' dir='ltr'>ΕΤ</span> <span class='ocrx_word' id='word_1_64' title='bbox 537 1763 661 1812; x_wconf 87' lang='grc' dir='ltr'><strong>ΙΝΑΝΕ</strong></span> <span class='ocrx_word' id='word_1_65' title='bbox 684 1762 775 1813; x_wconf 70' lang='lat' dir='ltr'>Essa</span> <span class='ocrx_word' id='word_1_66' title='bbox 798 1762 990 1813; x_wconf 84' lang='lat' dir='ltr'>NATVRAM</span> <span class='ocrx_word' id='word_1_67' title='bbox 1012 1762 1149 1813; x_wconf 84' lang='lat' dir='ltr'>RERVM</span> 
     </span>
    </p>
   </div>
   <div class='ocr_carea' id='block_1_4' title="bbox 145 1849 1122 2915">
    <p class='ocr_par' dir='ltr' id='par_1_5' title="bbox 194 1849 944 1929">
     <span class='ocr_line' id='line_1_11' title="bbox 194 1849 944 1929; baseline 0.001 -17"><span class='ocrx_word' id='word_1_68' title='bbox 194 1849 299 1912; x_wconf 88' lang='lat' dir='ltr'>omnis</span> <span class='ocrx_word' id='word_1_69' title='bbox 314 1858 353 1913; x_wconf 91' lang='lat' dir='ltr'>ut</span> <span class='ocrx_word' id='word_1_70' title='bbox 369 1857 417 1914; x_wconf 90' lang='lat' dir='ltr'>est</span> <span class='ocrx_word' id='word_1_71' title='bbox 433 1850 537 1928; x_wconf 83' lang='lat' dir='ltr'>igitur</span> <span class='ocrx_word' id='word_1_72' title='bbox 553 1872 660 1929; x_wconf 90' lang='lat' dir='ltr'>perse</span> <span class='ocrx_word' id='word_1_73' title='bbox 677 1858 800 1914; x_wconf 88' lang='lat' dir='ltr'>natura</span> <span class='ocrx_word' id='word_1_74' title='bbox 816 1852 944 1914; x_wconf 88' lang='lat' dir='ltr'>duabus</span> 
     </span>
    </p>

    <p class='ocr_par' dir='ltr' id='par_1_6' title="bbox 194 1958 1038 2038">
     <span class='ocr_line' id='line_1_12' title="bbox 194 1958 1038 2038; baseline 0.001 -17"><span class='ocrx_word' id='word_1_75' title='bbox 194 1958 342 2023; x_wconf 86' lang='lat' dir='ltr'>constitit</span> <span class='ocrx_word' id='word_1_76' title='bbox 359 1959 395 2021; x_wconf 90' lang='lat' dir='ltr'>in</span> <span class='ocrx_word' id='word_1_77' title='bbox 411 1962 525 2036; x_wconf 83' lang='lat' dir='ltr'>rebus3</span> <span class='ocrx_word' id='word_1_78' title='bbox 542 1981 619 2023; x_wconf 88' lang='lat' dir='ltr'>nam</span> <span class='ocrx_word' id='word_1_79' title='bbox 635 1980 774 2038; x_wconf 91' lang='lat' dir='ltr'>corpora</span> <span class='ocrx_word' id='word_1_80' title='bbox 788 1967 867 2023; x_wconf 91' lang='lat' dir='ltr'>sunt</span> <span class='ocrx_word' id='word_1_81' title='bbox 883 1968 915 2024; x_wconf 90' lang='lat' dir='ltr'>et</span> <span class='ocrx_word' id='word_1_82' title='bbox 931 1960 1038 2037; x_wconf 86' lang='lat' dir='ltr'>inane,</span> 
     </span>
    </p>

    <p class='ocr_par' dir='ltr' id='par_1_7' title="bbox 145 2068 1122 2258">
     <span class='ocr_line' id='line_1_13' title="bbox 193 2068 1122 2147; baseline 0.002 -18"><span class='ocrx_word' id='word_1_83' title='bbox 193 2069 274 2132; x_wconf 88' lang='lat' dir='ltr'>haec</span> <span class='ocrx_word' id='word_1_84' title='bbox 291 2069 326 2130; x_wconf 91' lang='lat' dir='ltr'>in</span> <span class='ocrx_word' id='word_1_85' title='bbox 344 2089 409 2147; x_wconf 91' lang='lat' dir='ltr'>quo</span> <span class='ocrx_word' id='word_1_86' title='bbox 424 2070 489 2133; x_wconf 88' lang='lat' dir='ltr'>sita</span> <span class='ocrx_word' id='word_1_87' title='bbox 505 2078 584 2133; x_wconf 92' lang='lat' dir='ltr'>sunt</span> <span class='ocrx_word' id='word_1_88' title='bbox 601 2077 633 2134; x_wconf 91' lang='lat' dir='ltr'>et</span> <span class='ocrx_word' id='word_1_89' title='bbox 650 2091 715 2147; x_wconf 85' lang='lat' dir='ltr'>qua</span> <span class='ocrx_word' id='word_1_90' title='bbox 731 2070 865 2133; x_wconf 91' lang='lat' dir='ltr'>diuersa</span> <span class='ocrx_word' id='word_1_91' title='bbox 881 2077 1067 2133; x_wconf 85' lang='lat' dir='ltr'>mouentur.</span> <span class='ocrx_word' id='word_1_92' title='bbox 1119 2068 1122 2071; x_wconf 74' lang='grc'><strong>’</strong></span> 
     </span>
     <span class='ocr_line' id='line_1_14' title="bbox 145 2179 970 2258; baseline 0 -17"><span class='ocrx_word' id='word_1_93' title='bbox 145 2198 314 2257; x_wconf 90' lang='lat' dir='ltr'>-corpus</span> <span class='ocrx_word' id='word_1_94' title='bbox 331 2179 417 2240; x_wconf 92' lang='lat' dir='ltr'>enim</span> <span class='ocrx_word' id='word_1_95' title='bbox 433 2199 542 2258; x_wconf 91' lang='lat' dir='ltr'>perse</span> <span class='ocrx_word' id='word_1_96' title='bbox 559 2179 739 2243; x_wconf 89' lang='lat' dir='ltr'>communis</span> <span class='ocrx_word' id='word_1_97' title='bbox 755 2179 887 2242; x_wconf 88' lang='lat' dir='ltr'>dedicat</span> <span class='ocrx_word' id='word_1_98' title='bbox 903 2199 970 2243; x_wconf 87' lang='lat' dir='ltr'>esse</span> 
     </span>
    </p>

    <p class='ocr_par' dir='ltr' id='par_1_8' title="bbox 192 2288 1002 2366">
     <span class='ocr_line' id='line_1_15' title="bbox 192 2288 1002 2366; baseline 0.001 -17"><span class='ocrx_word' id='word_1_99' title='bbox 192 2308 324 2365; x_wconf 91' lang='lat' dir='ltr'>sensus;</span> <span class='ocrx_word' id='word_1_100' title='bbox 341 2288 395 2352; x_wconf 91' lang='lat' dir='ltr'>cui</span> <span class='ocrx_word' id='word_1_101' title='bbox 409 2289 474 2351; x_wconf 90' lang='lat' dir='ltr'>nisi</span> <span class='ocrx_word' id='word_1_102' title='bbox 490 2290 599 2366; x_wconf 90' lang='lat' dir='ltr'>prima</span> <span class='ocrx_word' id='word_1_103' title='bbox 613 2289 694 2353; x_wconf 89' lang='lat' dir='ltr'>fides</span> <span class='ocrx_word' id='word_1_104' title='bbox 709 2289 854 2352; x_wconf 81' lang='lat' dir='ltr'>fundata</span> <span class='ocrx_word' id='word_1_105' title='bbox 868 2289 1002 2366; x_wconf 90' lang='lat' dir='ltr'>ualebit,</span> 
     </span>
    </p>

    <p class='ocr_par' dir='ltr' id='par_1_9' title="bbox 193 2398 959 2477">
     <span class='ocr_line' id='line_1_16' title="bbox 193 2398 959 2477; baseline 0.003 -19"><span class='ocrx_word' id='word_1_106' title='bbox 193 2398 277 2460; x_wconf 87' lang='lat' dir='ltr'>haut</span> <span class='ocrx_word' id='word_1_107' title='bbox 293 2398 357 2461; x_wconf 90' lang='lat' dir='ltr'>erit</span> <span class='ocrx_word' id='word_1_108' title='bbox 373 2398 509 2461; x_wconf 90' lang='lat' dir='ltr'>occultis</span> <span class='ocrx_word' id='word_1_109' title='bbox 524 2400 565 2462; x_wconf 93' lang='lat' dir='ltr'>de</span> <span class='ocrx_word' id='word_1_110' title='bbox 581 2400 680 2462; x_wconf 90' lang='lat' dir='ltr'>rebus</span> <span class='ocrx_word' id='word_1_111' title='bbox 696 2419 761 2477; x_wconf 92' lang='lat' dir='ltr'>quo</span> <span class='ocrx_word' id='word_1_112' title='bbox 776 2398 959 2462; x_wconf 81' lang='lat' dir='ltr'>referentes</span> 
     </span>
    </p>

    <p class='ocr_par' dir='ltr' id='par_1_10' title="bbox 194 2506 1036 2586">
     <span class='ocr_line' id='line_1_17' title="bbox 194 2506 1036 2586; baseline 0.001 -17"><span class='ocrx_word' id='word_1_113' title='bbox 194 2506 387 2570; x_wconf 86' lang='lat' dir='ltr'>confirmare</span> <span class='ocrx_word' id='word_1_114' title='bbox 406 2508 509 2571; x_wconf 87' lang='lat' dir='ltr'>animi</span> <span class='ocrx_word' id='word_1_115' title='bbox 528 2508 704 2586; x_wconf 87' lang='lat' dir='ltr'>quicquam</span> <span class='ocrx_word' id='word_1_116' title='bbox 723 2508 850 2571; x_wconf 90' lang='lat' dir='ltr'>ratione</span> <span class='ocrx_word' id='word_1_117' title='bbox 871 2528 1036 2586; x_wconf 81' lang='lat' dir='ltr'>queamus</span> 
     </span>
    </p>

    <p class='ocr_par' dir='ltr' id='par_1_11' title="bbox 195 2617 1117 2696">
     <span class='ocr_line' id='line_1_18' title="bbox 195 2617 1117 2696; baseline 0.001 -18"><span class='ocrx_word' id='word_1_118' title='bbox 195 2621 266 2679; x_wconf 89' lang='lat' dir='ltr'>tum</span> <span class='ocrx_word' id='word_1_119' title='bbox 283 2637 382 2694; x_wconf 93' lang='lat' dir='ltr'>porro</span> <span class='ocrx_word' id='word_1_120' title='bbox 399 2619 490 2680; x_wconf 90' lang='lat' dir='ltr'>locus</span> <span class='ocrx_word' id='word_1_121' title='bbox 506 2638 543 2681; x_wconf 89' lang='grc'>11</span> <span class='ocrx_word' id='word_1_122' title='bbox 560 2618 716 2696; x_wconf 88' lang='lat' dir='ltr'>spatium,</span> <span class='ocrx_word' id='word_1_123' title='bbox 734 2619 821 2695; x_wconf 87' lang='lat' dir='ltr'>quod</span> <span class='ocrx_word' id='word_1_124' title='bbox 838 2617 936 2681; x_wconf 90' lang='lat' dir='ltr'>inane</span> <span class='ocrx_word' id='word_1_125' title='bbox 952 2638 1117 2694; x_wconf 91' lang='lat' dir='ltr'>uocamus,</span> 
     </span>
    </p>

    <p class='ocr_par' dir='ltr' id='par_1_12' title="bbox 194 2726 1113 2805">
     <span class='ocr_line' id='line_1_19' title="bbox 194 2726 1113 2805; baseline 0.001 -17"><span class='ocrx_word' id='word_1_126' title='bbox 194 2726 222 2788; x_wconf 91' lang='lat' dir='ltr'>si</span> <span class='ocrx_word' id='word_1_127' title='bbox 236 2728 366 2790; x_wconf 91' lang='lat' dir='ltr'>nullum</span> <span class='ocrx_word' id='word_1_128' title='bbox 382 2726 478 2803; x_wconf 82' lang='lat' dir='ltr'>foret,</span> <span class='ocrx_word' id='word_1_129' title='bbox 495 2729 577 2790; x_wconf 86' lang='lat' dir='ltr'>haut</span> <span class='ocrx_word' id='word_1_130' title='bbox 591 2748 731 2805; x_wconf 87' lang='lat' dir='ltr'><strong>usquam</strong></span> <span class='ocrx_word' id='word_1_131' title='bbox 747 2727 811 2790; x_wconf 90' lang='grc'><strong>1111</strong></span> <span class='ocrx_word' id='word_1_132' title='bbox 826 2747 966 2805; x_wconf 86' lang='lat' dir='ltr'>corpora</span> <span class='ocrx_word' id='word_1_133' title='bbox 980 2733 1113 2805; x_wconf 81' lang='lat' dir='ltr'>possent</span> 
     </span>
    </p>

    <p class='ocr_par' dir='ltr' id='par_1_13' title="bbox 194 2837 992 2915">
     <span class='ocr_line' id='line_1_20' title="bbox 194 2837 992 2915; baseline 0.003 -17"><span class='ocrx_word' id='word_1_134' title='bbox 194 2857 261 2899; x_wconf 90' lang='lat' dir='ltr'>esse</span> <span class='ocrx_word' id='word_1_135' title='bbox 279 2857 384 2914; x_wconf 92' lang='lat' dir='ltr'>neque</span> <span class='ocrx_word' id='word_1_136' title='bbox 403 2837 536 2899; x_wconf 92' lang='lat' dir='ltr'>omnino</span> <span class='ocrx_word' id='word_1_137' title='bbox 553 2857 717 2915; x_wconf 90' lang='lat' dir='ltr'>quoquam</span> <span class='ocrx_word' id='word_1_138' title='bbox 735 2837 868 2900; x_wconf 88' lang='lat' dir='ltr'>diuersa</span> <span class='ocrx_word' id='word_1_139' title='bbox 884 2857 992 2900; x_wconf 88' lang='lat' dir='ltr'>meare</span> 
     </span>
    </p>
   </div>
   <div class='ocr_carea' id='block_1_5' title="bbox 178 2945 1147 3103">
    <p class='ocr_par' dir='ltr' id='par_1_14' title="bbox 178 2945 1147 3103">
     <span class='ocr_line' id='line_1_21' title="bbox 178 2945 1096 3024; baseline 0.002 -18"><span class='ocrx_word' id='word_1_140' title='bbox 178 2945 230 3022; x_wconf 91' lang='lat' dir='ltr'>(id</span> <span class='ocrx_word' id='word_1_141' title='bbox 247 2946 334 3023; x_wconf 92' lang='lat' dir='ltr'>quod</span> <span class='ocrx_word' id='word_1_142' title='bbox 351 2946 417 3008; x_wconf 92' lang='lat' dir='ltr'>iam</span> <span class='ocrx_word' id='word_1_143' title='bbox 434 2966 556 3024; x_wconf 90' lang='lat' dir='ltr'>supera</span> <span class='ocrx_word' id='word_1_144' title='bbox 572 2947 634 3008; x_wconf 91' lang='lat' dir='ltr'>tibi</span> <span class='ocrx_word' id='word_1_145' title='bbox 651 2948 753 3024; x_wconf 90' lang='lat' dir='ltr'>paulo</span> <span class='ocrx_word' id='word_1_146' title='bbox 769 2946 971 3008; x_wconf 81' lang='lat' dir='ltr'>ostendimus</span> <span class='ocrx_word' id='word_1_147' title='bbox 988 2947 1096 3022; x_wconf 87' lang='lat' dir='ltr'>ante).</span> 
     </span>
     <span class='ocr_line' id='line_1_22' title="bbox 301 3051 1147 3103; baseline 0.001 -3"><span class='ocrx_word' id='word_1_148' title='bbox 301 3051 474 3102; x_wconf 82' lang='lat' dir='ltr'>TERTIAM</span> <span class='ocrx_word' id='word_1_149' title='bbox 496 3052 688 3102; x_wconf 84' lang='lat' dir='ltr'>NATVRAM</span> <span class='ocrx_word' id='word_1_150' title='bbox 712 3052 876 3102; x_wconf 87' lang='lat' dir='ltr'>NVLLAM</span> <span class='ocrx_word' id='word_1_151' title='bbox 897 3052 988 3103; x_wconf 73' lang='lat' dir='ltr'>Essa</span> <span class='ocrx_word' id='word_1_152' title='bbox 1012 3052 1147 3103; x_wconf 84' lang='lat' dir='ltr'>RERVM</span> 
     </span>
    </p>
   </div>
   <div class='ocr_carea' id='block_1_6' title="bbox 149 3140 1171 4095">
    <p class='ocr_par' dir='ltr' id='par_1_15' title="bbox 149 3140 1171 4095">
     <span class='ocr_line' id='line_1_23' title="bbox 149 3140 1040 3220; baseline 0.001 -20"><span class='ocrx_word' id='word_1_153' title='bbox 149 3147 366 3216; x_wconf 86' lang='lat' dir='ltr'>—praeterea</span> <span class='ocrx_word' id='word_1_154' title='bbox 381 3140 466 3202; x_wconf 89' lang='lat' dir='ltr'>nihil</span> <span class='ocrx_word' id='word_1_155' title='bbox 481 3148 531 3203; x_wconf 89' lang='grc'>111</span> <span class='ocrx_word' id='word_1_156' title='bbox 546 3143 634 3219; x_wconf 92' lang='lat' dir='ltr'>quod</span> <span class='ocrx_word' id='word_1_157' title='bbox 650 3141 755 3220; x_wconf 88' lang='lat' dir='ltr'>possis</span> <span class='ocrx_word' id='word_1_158' title='bbox 771 3142 878 3203; x_wconf 79' lang='lat' dir='ltr'>dicere</span> <span class='ocrx_word' id='word_1_159' title='bbox 895 3142 935 3204; x_wconf 89' lang='lat' dir='ltr'>ab</span> <span class='ocrx_word' id='word_1_160' title='bbox 952 3141 1040 3203; x_wconf 88' lang='lat' dir='ltr'>omni</span> 
     </span>
     <span class='ocr_line' id='line_1_24' title="bbox 195 3250 1038 3328; baseline 0 -17"><span class='ocrx_word' id='word_1_161' title='bbox 195 3269 330 3327; x_wconf 91' lang='lat' dir='ltr'>corpore</span> <span class='ocrx_word' id='word_1_162' title='bbox 348 3250 532 3313; x_wconf 91' lang='lat' dir='ltr'>seiunctum</span> <span class='ocrx_word' id='word_1_163' title='bbox 550 3257 775 3328; x_wconf 89' lang='lat' dir='ltr'>secretumque</span> <span class='ocrx_word' id='word_1_164' title='bbox 793 3270 860 3314; x_wconf 92' lang='lat' dir='ltr'>esse</span> <span class='ocrx_word' id='word_1_165' title='bbox 877 3252 918 3313; x_wconf 90' lang='lat' dir='ltr'>ab</span> <span class='ocrx_word' id='word_1_166' title='bbox 934 3250 1038 3327; x_wconf 92' lang='lat' dir='ltr'>inani,</span> 
     </span>
     <span class='ocr_line' id='line_1_25' title="bbox 195 3360 1015 3437; baseline 0.002 -16"><span class='ocrx_word' id='word_1_167' title='bbox 195 3360 281 3436; x_wconf 88' lang='lat' dir='ltr'>quod</span> <span class='ocrx_word' id='word_1_168' title='bbox 298 3360 393 3436; x_wconf 81' lang='lat' dir='ltr'>quasi</span> <span class='ocrx_word' id='word_1_169' title='bbox 408 3360 508 3423; x_wconf 87' lang='lat' dir='ltr'>tertia</span> <span class='ocrx_word' id='word_1_170' title='bbox 524 3360 568 3423; x_wconf 88' lang='lat' dir='ltr'>sit</span> <span class='ocrx_word' id='word_1_171' title='bbox 582 3380 721 3423; x_wconf 90' lang='lat' dir='ltr'>numero</span> <span class='ocrx_word' id='word_1_172' title='bbox 736 3365 859 3423; x_wconf 88' lang='lat' dir='ltr'>natura</span> <span class='ocrx_word' id='word_1_173' title='bbox 873 3367 1015 3437; x_wconf 91' lang='lat' dir='ltr'>reperta.</span> 
     </span>
     <span class='ocr_line' id='line_1_26' title="bbox 195 3469 1171 3549; baseline 0.001 -20"><span class='ocrx_word' id='word_1_174' title='bbox 195 3488 271 3530; x_wconf 80' lang='lat' dir='ltr'>nam</span> <span class='ocrx_word' id='word_1_175' title='bbox 287 3470 515 3546; x_wconf 91' lang='lat' dir='ltr'>quodcumque</span> <span class='ocrx_word' id='word_1_176' title='bbox 531 3469 604 3546; x_wconf 88' lang='grc'><strong>1111,</strong></span> <span class='ocrx_word' id='word_1_177' title='bbox 622 3489 689 3533; x_wconf 87' lang='grc'><strong>1111</strong></span> <span class='ocrx_word' id='word_1_178' title='bbox 705 3469 832 3546; x_wconf 91' lang='lat' dir='ltr'>aliquid</span> <span class='ocrx_word' id='word_1_179' title='bbox 848 3469 979 3533; x_wconf 86' lang='lat' dir='ltr'>debebit</span> <span class='ocrx_word' id='word_1_180' title='bbox 995 3469 1029 3531; x_wconf 92' lang='lat' dir='ltr'>id</span> <span class='ocrx_word' id='word_1_181' title='bbox 1045 3469 1171 3549; x_wconf 88' lang='lat' dir='ltr'>ipsum;</span> 
     </span>
     <span class='ocr_line' id='line_1_27' title="bbox 195 3578 989 3656; baseline 0 -16"><span class='ocrx_word' id='word_1_182' title='bbox 195 3578 248 3640; x_wconf 89' lang='lat' dir='ltr'>cui</span> <span class='ocrx_word' id='word_1_183' title='bbox 263 3578 291 3641; x_wconf 91' lang='lat' dir='ltr'>si</span> <span class='ocrx_word' id='word_1_184' title='bbox 306 3584 417 3641; x_wconf 87' lang='lat' dir='ltr'>tactus</span> <span class='ocrx_word' id='word_1_185' title='bbox 432 3578 495 3641; x_wconf 85' lang='lat' dir='ltr'>erit</span> <span class='ocrx_word' id='word_1_186' title='bbox 511 3579 663 3656; x_wconf 88' lang='lat' dir='ltr'>quamuis</span> <span class='ocrx_word' id='word_1_187' title='bbox 678 3578 762 3642; x_wconf 92' lang='lat' dir='ltr'>leuis</span> <span class='ocrx_word' id='word_1_188' title='bbox 778 3578 989 3656; x_wconf 84' lang='lat' dir='ltr'>exiguusque,</span> 
     </span>
     <span class='ocr_line' id='line_1_28' title="bbox 196 3687 1068 3766; baseline 0.001 -17"><span class='ocrx_word' id='word_1_189' title='bbox 196 3688 348 3765; x_wconf 81' lang='lat' dir='ltr'>augmine</span> <span class='ocrx_word' id='word_1_190' title='bbox 362 3689 415 3750; x_wconf 87' lang='lat' dir='ltr'>vel</span> <span class='ocrx_word' id='word_1_191' title='bbox 430 3688 550 3765; x_wconf 85' lang='lat' dir='ltr'>grandi</span> <span class='ocrx_word' id='word_1_192' title='bbox 565 3688 618 3751; x_wconf 87' lang='lat' dir='ltr'>vel</span> <span class='ocrx_word' id='word_1_193' title='bbox 634 3708 741 3766; x_wconf 88' lang='lat' dir='ltr'>paruo</span> <span class='ocrx_word' id='word_1_194' title='bbox 755 3687 905 3764; x_wconf 87' lang='lat' dir='ltr'>denique,</span> <span class='ocrx_word' id='word_1_195' title='bbox 922 3689 1001 3750; x_wconf 92' lang='lat' dir='ltr'>dum</span> <span class='ocrx_word' id='word_1_196' title='bbox 1016 3687 1068 3764; x_wconf 89' lang='lat' dir='ltr'>sit,</span> 
     </span>
     <span class='ocr_line' id='line_1_29' title="bbox 195 3797 1113 3876; baseline 0 -18"><span class='ocrx_word' id='word_1_197' title='bbox 195 3797 341 3876; x_wconf 89' lang='lat' dir='ltr'>corporis</span> <span class='ocrx_word' id='word_1_198' title='bbox 360 3797 494 3874; x_wconf 86' lang='lat' dir='ltr'>augebit</span> <span class='ocrx_word' id='word_1_199' title='bbox 513 3818 687 3860; x_wconf 90' lang='lat' dir='ltr'>numerum</span> <span class='ocrx_word' id='word_1_200' title='bbox 707 3816 931 3873; x_wconf 87' lang='lat' dir='ltr'>summamque</span> <span class='ocrx_word' id='word_1_201' title='bbox 949 3803 1113 3873; x_wconf 89' lang='lat' dir='ltr'>sequetur.</span> 
     </span>
     <span class='ocr_line' id='line_1_30' title="bbox 195 3906 1004 3985; baseline -0.001 -17"><span class='ocrx_word' id='word_1_202' title='bbox 195 3906 246 3968; x_wconf 92' lang='lat' dir='ltr'>sin</span> <span class='ocrx_word' id='word_1_203' title='bbox 262 3906 411 3970; x_wconf 79' lang='lat' dir='ltr'>intactile</span> <span class='ocrx_word' id='word_1_204' title='bbox 428 3906 501 3983; x_wconf 89' lang='lat' dir='ltr'>erit,</span> <span class='ocrx_word' id='word_1_205' title='bbox 518 3908 612 3969; x_wconf 87' lang='lat' dir='ltr'>nulla</span> <span class='ocrx_word' id='word_1_206' title='bbox 628 3907 668 3970; x_wconf 90' lang='lat' dir='ltr'>de</span> <span class='ocrx_word' id='word_1_207' title='bbox 685 3913 781 3985; x_wconf 89' lang='lat' dir='ltr'>parte</span> <span class='ocrx_word' id='word_1_208' title='bbox 797 3906 884 3983; x_wconf 92' lang='lat' dir='ltr'>quod</span> <span class='ocrx_word' id='word_1_209' title='bbox 900 3906 1004 3968; x_wconf 90' lang='lat' dir='ltr'>ullam</span> 
     </span>
     <span class='ocr_line' id='line_1_31' title="bbox 196 4015 1040 4095; baseline 0 -19"><span class='ocrx_word' id='word_1_210' title='bbox 196 4035 263 4078; x_wconf 91' lang='lat' dir='ltr'>rem</span> <span class='ocrx_word' id='word_1_211' title='bbox 280 4016 453 4095; x_wconf 90' lang='lat' dir='ltr'>prohibere</span> <span class='ocrx_word' id='word_1_212' title='bbox 470 4022 570 4093; x_wconf 87' lang='lat' dir='ltr'>queat</span> <span class='ocrx_word' id='word_1_213' title='bbox 585 4037 645 4093; x_wconf 93' lang='lat' dir='ltr'>per</span> <span class='ocrx_word' id='word_1_214' title='bbox 661 4035 694 4078; x_wconf 93' lang='lat' dir='ltr'>se</span> <span class='ocrx_word' id='word_1_215' title='bbox 709 4015 852 4078; x_wconf 90' lang='lat' dir='ltr'>transire</span> <span class='ocrx_word' id='word_1_216' title='bbox 868 4020 1040 4091; x_wconf 87' lang='lat' dir='ltr'>meantem,</span> 
     </span>
    </p>
   </div>
   <div class='ocr_carea' id='block_1_7' title="bbox 206 4147 755 4266">
    <p class='ocr_par' dir='ltr' id='par_1_16' title="bbox 206 4147 755 4266">
     <span class='ocr_line' id='line_1_32' title="bbox 206 4147 755 4266; baseline 0.004 -71"><span class='ocrx_word' id='word_1_217' title='bbox 206 4147 255 4196; x_wconf 86' lang='lat'>411</span> <span class='ocrx_word' id='word_1_218' title='bbox 265 4151 354 4213; x_wconf 83' lang='lat' dir='ltr'>ptano</span> <span class='ocrx_word' id='word_1_219' title='bbox 388 4147 456 4209; x_wconf 79' lang='lat' dir='ltr'>sort.</span> <span class='ocrx_word' id='word_1_220' title='bbox 472 4147 557 4212; x_wconf 91' lang='lat' dir='ltr'>pleno</span> <span class='ocrx_word' id='word_1_221' title='bbox 698 4215 755 4266; x_wconf 81' lang='lat'>[15]</span> 
     </span>
    </p>
   </div>
   <div class='ocr_carea' id='block_1_8' title="bbox 0 0 1635 4684">
    <p class='ocr_par' dir='ltr' id='par_1_17' title="bbox 0 0 1635 4684">
     <span class='ocr_line' id='line_1_33' title="bbox 0 0 1635 4684; baseline 0 0"><span class='ocrx_word' id='word_1_222' title='bbox 0 0 1635 4684; x_wconf 95' lang='lat' dir='ltr'> </span> 
     </span>
    </p>
   </div>
  </div>
 </body>
</html>
