3190 4682
490 478 519 526 Τ.
540 477 703 529 creant]
723 476 812 529 CARI

86 714 220 771 —usque
237 696 318 758 adeo
333 696 445 773 magni
461 695 566 759 refert
582 695 730 759 studium
747 703 845 773 atque
861 697 1027 772 uoluntas,

122 810 152 865 et
167 805 286 881 quibus
302 805 337 866 in
353 807 450 868 rebus
468 806 656 868 consuerint
673 826 740 868 esse
757 805 884 884 operati

121 933 183 975 non
198 915 345 978 homines
361 916 465 978 solum
481 917 538 978 sed
554 936 633 978 uero
649 915 805 978 animalia
820 921 948 978 cuncta.

121 1023 240 1101 quippe
256 1023 385 1087 uidebis
400 1045 499 1102 equos
515 1024 622 1101 fortis,
640 1046 714 1087 cum
729 1025 874 1087 membra
890 1025 1053 1102 iacebunt,

119 1132 152 1193 in
169 1133 291 1196 somnis
308 1135 427 1197 sudare
444 1142 554 1197 tamen
572 1134 764 1212 spirareque
781 1155 909 1212 semper

120 1249 149 1304 et
165 1243 261 1319 quasi
277 1244 316 1304 de
333 1245 444 1322 palma
458 1264 602 1306 summas
618 1245 813 1306 contendere
829 1244 912 1306 uiris

119 1359 174 1414 aut
190 1352 286 1430 quasi
301 1354 487 1416 carceribus
502 1353 680 1431 patefactis
703 1353 813 1431 [saepe
830 1353 953 1431 quiete]

118 1469 364 1539 uenantumque
381 1484 476 1526 canes
492 1463 527 1524 in
544 1463 634 1524 molli
651 1483 747 1541 saepe
763 1463 872 1540 quiete

118 1571 242 1634 iactant
261 1593 360 1635 crura
376 1579 486 1635 tamen
503 1573 613 1635 subito
629 1573 783 1649 uocisque
801 1579 936 1650 repente

117 1681 256 1745 mittunt
274 1690 306 1744 et
324 1684 437 1744 crebro
454 1683 618 1744 reducunt
636 1683 773 1745 naribus
790 1702 898 1759 auras,

116 1797 152 1853 ut
169 1792 314 1869 uestigia
330 1792 357 1854 si
373 1799 508 1854 teneant
524 1792 662 1855 inuenta
678 1792 836 1867 ferarum,

116 1901 406 1979 expergefactique
422 1909 580 1965 secuntur
597 1902 710 1964 inania
726 1922 822 1979 saepe

116 2031 291 2073 ceruorum
307 2011 492 2087 simulacra,
510 2011 610 2089 fugae
627 2011 720 2088 quasi
737 2011 850 2074 dedita
867 2018 1013 2087 cernant,

116 2121 217 2183 donec
234 2120 392 2183 discussis
405 2122 542 2183 redeant
558 2121 725 2184 erroribus
740 2122 782 2184 ad
799 2141 841 2183 se.

115 2237 148 2292 at
164 2237 322 2293 consueta
338 2230 426 2292 domi
442 2232 626 2293 catulorum
640 2232 763 2293 blanda
778 2251 928 2309 propago

116 2340 282 2403 discutere
297 2347 329 2402 et
345 2360 465 2418 corpus
480 2341 519 2402 de
534 2348 625 2403 terra
640 2337 805 2418 corripere
821 2340 948 2403 instant
984 2422 987 2427 y

102 2448 243 2525 [iactant
263 2469 360 2511 crura
378 2456 489 2512 tamen
507 2450 616 2513 subito
633 2469 791 2527 uocesque
810 2455 946 2527 repente

114 2559 257 2622 mittunt
276 2565 307 2622 et
325 2559 439 2621 crebro
455 2560 619 2622 reducunt
637 2560 774 2622 naribus
790 2580 899 2635 auras,

114 2675 152 2731 ut
168 2668 315 2746 uestigia
329 2668 357 2730 si
373 2675 508 2731 teneant
524 2669 662 2732 inuenta
679 2669 828 2732 ferarum

115 2777 407 2856 expergefactique
425 2785 581 2841 secuntur
599 2778 713 2841 inania
730 2778 840 2856 saepe]

115 2888 259 2965 proinde
276 2887 370 2964 quasi
388 2887 518 2965 ignotas
536 2887 638 2950 facies
655 2895 754 2965 atque
772 2907 830 2950 ora
847 2894 998 2951 tuantur.

115 3004 146 3059 et
163 3017 232 3074 quo
248 3017 395 3074 quaeque
411 2996 516 3074 magis
533 3004 611 3060 sunt
628 3017 744 3075 aspera
761 2997 981 3074 seminimum,

114 3115 183 3169 tam
199 3106 308 3183 magis
323 3106 358 3167 in
375 3107 496 3168 somnis
512 3108 624 3170 eadem
641 3107 767 3169 saeuire
783 3113 991 3169 necessumst.

113 3223 149 3279 ot
166 3215 286 3279 uariae
305 3214 442 3293 fugiunt
460 3217 611 3279 uolucres
629 3216 805 3294 pinnisque
824 3200 960 3293 repente

114 3326 298 3388 sollicitant
315 3325 427 3388 diuom
442 3332 606 3388 nocturno
620 3332 767 3403 tempore
783 3326 882 3401 lucos,

114 3436 294 3514 accipitres
309 3455 421 3498 somno
436 3435 471 3495 in
488 3435 554 3495 leni
570 3435 598 3497 si
614 3435 739 3512 proelia
754 3455 884 3513 pugnas

114 3547 212 3609 edere
230 3552 309 3607 sunt
326 3551 548 3622 persectantes
564 3545 718 3621 uisaeque
735 3545 894 3606 uolentes.

113 3675 218 3732 porro
233 3654 403 3716 hominum
418 3660 552 3730 mentes,
569 3654 697 3731 magnis
713 3674 796 3730 quae
812 3653 955 3716 motibus
969 3654 1072 3716 edunt

114 3785 247 3842 magna,
266 3763 380 3826 itidem
397 3783 493 3841 saepe
510 3763 545 3824 in
562 3762 682 3824 somnis
699 3763 894 3840 faciuntque
910 3769 1104 3840 gerantque,

124 3895 262 3955 es4volq.
279 3894 407 3957 voluptas

125 3964 178 4013 990
189 3964 258 4026 fort.
273 3977 355 4026 saepe
370 3961 471 4011 micare

6 4064 7 4067 κ
109 4033 177 4082 1006
189 4031 262 4092 cuiq.
280 4033 426 4080 necessust

109 4099 176 4148 1011
188 4098 335 4149 montibus
370 4098 437 4160 fort.
455 4095 572 4147 molibus

613 4247 686 4300 [153]
