3234 4686
663 457 714 506 DE
732 457 864 508 RERVM
882 459 1036 509 NATVRA
1060 459 1083 508 V

361 689 437 732 narn
453 691 513 733 cur
528 672 609 735 luna
625 680 724 751 queat
739 681 862 738 terram
878 676 1045 738 secludere
1060 675 1137 738 solis

360 780 485 844 lumine
500 788 532 844 et
548 802 568 844 a
581 782 681 845 terris
697 784 802 846 altum
817 792 918 862 caput
934 780 1103 848 obstruere
1119 784 1158 862 ei,

361 889 504 953 obiciens
520 910 651 954 caecum
667 892 771 955 radiis
788 893 982 956 ardentibus
998 895 1125 971 orbem;
1178 920 1180 924 ⁴

360 1006 507 1093 tempere
524 1002 636 1064 eodem
651 1001 736 1064 aliut
752 1002 862 1066 facere
878 1003 913 1065 id
929 1023 995 1065 non
1011 1024 1104 1082 posse
1120 1010 1259 1081 putetur

361 1128 481 1186 corpus
497 1110 584 1186 quod
600 1131 727 1174 cassum
743 1113 876 1175 labatur
891 1112 1015 1175 lumine
1031 1116 1179 1189 semperl

360 1220 473 1295 solque
489 1239 565 1282 suos
583 1220 681 1283 etiam
700 1221 867 1285 dimittere
885 1222 1064 1299 languidus
1082 1222 1169 1300 ignis

360 1336 507 1405 tempore
523 1349 582 1391 cur
599 1336 689 1392 certo
703 1337 845 1408 nequeat
862 1351 1074 1408 recreareque
1091 1333 1211 1407 lumen,

361 1458 435 1500 cum
448 1439 519 1501 loca
534 1439 708 1516 praeteriit
722 1440 861 1502 fiammis
877 1440 1000 1504 infesta
1014 1461 1074 1519 per
1089 1461 1196 1517 auras,

361 1568 444 1624 quae
461 1547 591 1611 faciunt
608 1548 694 1626 ignis
710 1549 925 1628 interstingui
941 1556 1040 1628 atque
1056 1549 1187 1627 periret

317 1664 393 1719 -et
411 1677 469 1720 cur
487 1664 577 1721 terra
594 1667 693 1735 queat
709 1659 823 1721 lunam
841 1659 983 1737 spoliare
998 1658 1143 1721 uicissim

361 1766 485 1829 lumine
501 1774 534 1830 et
551 1787 743 1844 oppressum
760 1769 859 1830 solem
875 1789 976 1846 super
991 1769 1064 1846 ipsa
1080 1776 1201 1845 tenere,

361 1882 530 1939 menstrua
546 1878 625 1939 dum
641 1877 767 1955 rigidas
783 1878 856 1940 coni
873 1856 1058 1956 perlabitur
1073 1880 1225 1954 umbras;

361 1992 507 2063 tempore
524 1987 635 2049 eodem
652 1986 736 2049 aliut
752 1989 893 2064 nequeat
910 2007 1100 2051 succurrere
1117 1988 1216 2050 lunae

361 2115 481 2172 corpus
496 2096 550 2159 uel
567 2117 670 2173 supra
686 2096 763 2158 solis
779 2096 944 2173 perlabier
961 2098 1080 2173 orbem,

361 2206 449 2281 quod
467 2205 578 2268 radios
596 2205 820 2284 interrumpat
838 2207 1013 2283 lumenque
1032 2206 1229 2284 profusuml

318 2321 394 2377 —et
410 2321 520 2377 tamen
537 2314 610 2392 ipsa
626 2335 687 2377 suo
703 2315 730 2377 si
747 2315 856 2393 fulget
872 2315 953 2378 luna
969 2315 1086 2391 nitore,

361 2445 420 2486 cur
437 2431 578 2502 nequeat
595 2431 684 2488 certa
701 2425 818 2487 mundi
834 2426 1043 2503 languescere
1061 2432 1166 2503 parte,

362 2535 441 2596 dum
459 2534 529 2597 loca
547 2534 728 2597 luminibus
746 2535 892 2612 propriis
911 2535 1044 2598 inimica
1063 2556 1122 2612 per
1141 2535 1217 2612 exit,

360 2651 530 2707 menstrua
548 2645 627 2706 dum
645 2644 771 2722 rigidas
788 2644 861 2706 coni
878 2644 1064 2721 perlabitur
1082 2646 1237 2707 umbrasl

430 3006 542 3084 (Quod
560 3013 719 3083 superest,
737 3007 891 3084 quoniam
909 3006 1021 3084 magni
1038 3028 1098 3084 per
1116 3008 1248 3070 caerula
1265 3005 1378 3070 mundi

361 3136 427 3193 qua
442 3116 514 3178 fieri
531 3116 688 3194 quicquid
705 3123 813 3194 posset
830 3116 957 3180 ratione
973 3116 1104 3192 resolui,

572 3222 622 3271 DE
638 3222 744 3272 SOLIS
760 3222 808 3272 ΕΤ
823 3223 954 3272 LVNAE
971 3222 1209 3273 OFFEGTIONE

361 3311 438 3373 solis
453 3311 505 3373 uti
521 3311 633 3374 uarios
649 3332 764 3373 cursus
781 3313 944 3388 lunaeque
960 3318 1087 3374 meatus

361 3441 493 3483 noscere
509 3440 675 3498 possemus
692 3442 775 3498 quae
790 3421 843 3483 uis
859 3427 891 3485 et
908 3441 1006 3484 eausa
1022 3420 1131 3497 cieret,

361 3550 467 3608 quoue
483 3532 580 3592 modo
601 3541 632 3601 <
638 3538 807 3607 possent>
830 3531 947 3593 offecto
962 3530 1086 3592 lumine
1103 3514 1211 3593 obire¹

361 3647 393 3702 et
409 3660 514 3717 neque
531 3640 699 3717 opinantis
715 3639 859 3702 tenebris
875 3640 1035 3702 ebducere
1052 3646 1168 3715 terras,

362 3770 435 3811 cum
452 3750 546 3826 quasi
562 3749 717 3823 coniuent
734 3757 766 3813 et
782 3756 897 3827 aperto
914 3749 1038 3812 lumine
1054 3769 1188 3811 rursum

362 3859 471 3921 omnia
488 3860 664 3922 connisunt
681 3860 770 3922 clara
786 3860 857 3922 loca
874 3858 1016 3921 candida
1032 3859 1114 3934 luce,

340 3966 389 4014 DE
408 3964 603 4015 NOVITATE
623 3965 753 4014 MVNDI
771 3965 819 4014 ΕΤ
837 3963 1104 4014 DISPOSITIONE
1123 3964 1259 4014 RERVM
1278 3965 1379 4030 QVAE
1396 3954 1433 4010 IN

858 4048 906 4099 EO
929 4049 1028 4099 SVNT

362 4159 450 4200 nunc
467 4139 564 4201 redeo
580 4139 621 4200 ad
639 4137 755 4199 mundi
772 4138 954 4199 nouitatem
972 4144 1003 4200 et
1020 4137 1131 4199 mollia
1147 4144 1255 4200 terrae

374 4244 424 4293 753
434 4243 523 4306 possis
856 4244 930 4295 [190]

1451 4108 1488 4165 780
