3190 4682
552 430 582 479 Τ.
603 429 766 480 zuccari
785 429 875 481 onai

177 642 322 706 confecti
337 645 507 721 languent,
524 644 636 707 eadem
645 651 763 707 ,tamen
779 643 890 707 omnia
905 650 1041 720 restant,
1077 687 1079 691 -

177 753 288 816 omnia
305 753 333 814 si
350 773 466 831 perges
481 753 628 816 uiuendo
644 753 776 816 uincere
793 755 908 831 saecla,
1032 738 1034 745 ¹

177 869 279 939 atque
295 862 393 926 etiam
410 863 530 941 potius,
546 863 574 925 si
590 884 770 940 numquam
787 863 831 925 sis
846 862 1042 926 moriturus’

133 972 259 1050 —quid
277 974 520 1050 respondemus,
544 973 687 1044 <ni>si
705 973 826 1035 iustam
843 973 1015 1037 intendere
1032 972 1124 1035 litem

175 1088 334 1145 naturam
350 1089 382 1146 et
397 1102 511 1145 ueram
527 1083 637 1145 uerbis
653 1102 815 1160 exponere
831 1084 984 1145 causaml

196 1191 409 1255 -Grandior
426 1192 479 1255 hic
497 1212 577 1255 uero
594 1192 622 1254 si
640 1192 706 1254 iam
724 1191 896 1269 seniorque
914 1178 1074 1269 queratur

175 1308 278 1379 atque
295 1301 420 1365 obitum
436 1302 635 1365 lamentetur
650 1301 748 1364 miser
765 1302 908 1379 amplius
925 1321 1037 1379 aequo,

175 1432 245 1473 non
258 1411 377 1474 merito
390 1411 544 1487 inclamet
557 1408 661 1488 magis
676 1419 709 1474 et
722 1431 801 1474 uoce
816 1411 963 1489 increpet
979 1411 1068 1474 acril

176 1520 291 1584 ‘aufer
307 1520 425 1584 abhinc
441 1521 603 1597 lacrimas,
620 1518 757 1596 balatro,
775 1528 807 1584 et
824 1541 988 1598 compesce
1005 1521 1176 1598 querellas,

175 1630 288 1693 omnia
305 1630 502 1708 perfunctus
518 1630 604 1693 uitai
621 1631 767 1709 praemia
785 1650 918 1693 marces

174 1741 235 1802 sed
252 1739 331 1817 quia
347 1759 475 1818 semper
493 1761 570 1803 aues
588 1741 676 1829 quod
694 1741 793 1816 abest,
812 1739 1000 1817 praesentia
1017 1739 1145 1815 temnis,

175 1849 364 1927 inperfecta
384 1849 446 1912 tibi
466 1850 609 1927 elapsast
629 1849 826 1927 ingrataque
846 1849 918 1911 uita

175 1966 208 2022 et
225 1979 285 2021 nec
302 1959 453 2036 opinanti
469 1979 556 2021 mors
572 1959 613 2021 ad
631 1954 732 2036 caput
749 1958 879 2021 adstitit
896 1965 972 2045 ante

175 2089 276 2146 quam
293 2075 386 2131 satur
405 2088 442 2131 ao
458 2069 576 2145 plenus
593 2068 697 2146 possis
715 2068 964 2139 disce<de>re
982 2089 1102 2131 rerum.
1194 2070 1196 2075 ⁴

102 2232 104 2241 .
169 2198 266 2242 ‚cunc
284 2177 393 2240 aliena
408 2184 468 2241 tua
483 2185 594 2241 tamen
611 2184 718 2241 aetate
735 2177 845 2241 omnia
861 2177 955 2240 mitte

175 2307 281 2364 aequo
298 2286 471 2364 animoque
489 2288 629 2364 agedum
650 2287 796 2364 lmagnis
814 2288 968 2349 concede:
987 2286 1171 2350 necessest’

133 2397 258 2471 —iure‚
275 2403 314 2459 ut
330 2396 456 2475 opinor,
474 2404 560 2474 agat,
577 2397 649 2460 iure
665 2396 814 2474 increpet
830 2396 1024 2474 inciletque;

159 2506 266 2583 (cedit
281 2506 367 2567 enim
383 2525 495 2569 rerum
510 2506 660 2569 nouitate
674 2512 809 2569 extrusa
824 2513 973 2568 uetustas

175 2636 314 2694 semper,
331 2622 364 2679 et
381 2638 420 2679 ex
436 2615 510 2679 aliis
527 2597 619 2679 aliud
634 2636 792 2693 reparare
808 2617 984 2692 necessest)

174 2745 236 2788 nec
251 2725 424 2802 quisquam
440 2725 477 2787 in'
490 2726 685 2788 barathrum
701 2745 760 2787 nec
777 2726 918 2788 Tartara
934 2725 1069 2788 deditur
1085 2732 1175 2788 atra:

175 2835 331 2898 materies
347 2855 429 2913 opus
445 2842 493 2898 est
510 2842 548 2898 ut
565 2841 712 2898 crescant
730 2840 861 2912 postera
879 2836 1001 2912 saecla;

175 2965 260 3021 quae
274 2951 385 3007 tamen
401 2945 510 3007 omnia
524 2950 557 3007 te
572 2944 645 3007 uita
659 2942 839 3022 perfuncta
854 2951 1050 3022 sequentur;

176 3074 235 3117 nec
252 3053 366 3116 minus
377 3074 455 3132 ergo
470 3061 547 3117 ante
563 3055 642 3116 haec
660 3074 758 3131 quam
770 3056 813 3117 'tu
830 3054 983 3129 cecidere,
1001 3055 1193 3131 cadentque.

133 3163 222 3226 ——sic
239 3163 300 3226 alit
317 3183 355 3225 ex
372 3163 437 3226 alio
452 3184 632 3240 numquam
649 3163 784 3226 desistet
801 3163 881 3225 oriri

176 3273 312 3350 uitaque
327 3272 492 3351 mancipio
506 3272 592 3336 nulli
608 3274 718 3350 datur,
735 3272 885 3335 omnibus
900 3292 973 3335 usu.

176 3382 301 3460 respice
318 3382 510 3460 item'quam
526 3382 575 3444 nil
591 3383 633 3445 ad
649 3402 708 3444 nos
724 3387 876 3444 anteacta
892 3368 1041 3444 uetustas

176 3491 334 3570 temporis
350 3491 476 3555 aeterni
492 3491 606 3568 fuerit,
624 3512 722 3568 quam
739 3490 905 3554 nascimur
922 3498 1007 3554 ante.

134 3601 235 3663 -hoc
252 3601 357 3679 igitur
373 3602 542 3679 speculum
559 3587 652 3664 nobis
668 3607 791 3663 natura
807 3599 917 3662 futuri

176 3711 334 3789 temporis
350 3710 485 3789 exponit
502 3698 729 3788 postmortem
746 3708 887 3786 denique
904 3716 1059 3772 nostram.

177 3820 339 3898 numquid
357 3820 403 3883 ibi
419 3819 577 3882 horribile
595 3825 744 3909 apparet,
763 3839 843 3880 num
861 3817 956 3880 triste
974 3816 1109 3880 uidetur

187 3952 237 4003 948
247 3952 320 4012 calc.
341 3965 441 4016 pergas

187 4021 238 4070 954
247 4019 365 4070 baratro
398 4019 464 4078 fort.
479 4017 586 4068 blatero

187 4088 237 4137 962
248 4087 317 4149 fort.
333 4102 385 4152 age
400 4101 474 4137 nune
490 4086 573 4135 annis

669 4195 743 4246 [113]
