3190 4682
617 417 668 465 DE
686 416 818 466 RERVM
835 416 989 466 NATVRA
1010 417 1060 466 111

324 629 420 691 debet
435 629 530 705 enim,
545 629 660 692 misere
675 629 703 692 si
718 630 805 693 forte
821 651 981 708 aegreque
996 629 1191 705 futurumst,

325 737 394 816 ipse
410 759 538 816 quoque
553 760 620 803 esse
635 739 671 800 in
686 760 722 802 eo
736 747 809 803 tum
824 747 980 818 tempore,
997 741 1051 803 oui
1065 742 1150 804 male
1165 739 1263 818 possit

324 848 479 911 aooidere.
518 849 552 911 id
568 849 723 925 quoniam
737 870 825 912 mors
839 851 961 926 eximit,
979 870 1109 927 esseque
1125 850 1271 928 prohibet

324 957 418 1020 illum
433 958 487 1020 oui
502 958 628 1036 possint
644 959 849 1022 incommoda
864 959 1043 1037 oonoiliari,

324 1067 406 1129 seire
420 1067 497 1130 lieet
512 1069 605 1131 nobis
620 1069 705 1130 nihil
720 1089 787 1132 esse
803 1069 838 1129 in
853 1075 958 1132 morte
973 1069 1157 1132 timendum

323 1197 382 1239 neo
396 1177 551 1240 miserum
565 1177 637 1240 fieri
652 1178 709 1255 qui
723 1199 790 1240 non
804 1185 852 1241 est
866 1198 959 1257 posse
974 1199 1078 1256 neque
1091 1179 1197 1240 hilum

323 1286 459 1350 differre
475 1307 518 1349 an
533 1289 626 1350 nullo
642 1287 747 1350 fuerit
764 1288 829 1350 iam
844 1295 992 1366 tempore
1008 1295 1117 1365 natus,

323 1398 494 1458 mortalem
510 1396 614 1460 uitam
630 1417 717 1459 mors
734 1418 808 1459 oum
824 1397 1010 1460 inmortalis
1026 1398 1158 1461 ademit.

301 1673 304 1677 1
385 1590 529 1654 Proinde
546 1591 604 1654 ubi
621 1612 654 1653 se
672 1591 788 1655 uideas
803 1591 967 1654 hominem
984 1591 1191 1669 indignarier
1209 1592 1318 1669 ipsun,

323 1705 397 1778 post
414 1707 551 1763 mortem
568 1700 640 1763 fore
657 1708 695 1764 ut
713 1708 771 1764 aut
789 1708 940 1779 putescat
957 1720 1092 1779 eorpore
1111 1708 1206 1779 posto

561 1806 734 1865 <TRINVS
759 1806 835 1857 Mos
859 1807 1141 1865 SEPVLTVRAE>

323 1902 381 1958 aut
398 1895 538 1957 flammis
553 1895 700 1958 interfiat
716 1896 853 1959 malisue
870 1896 1028 1972 ferarum,

323 2005 405 2068 seire
419 2005 495 2068 lieet
510 2025 576 2067 non
591 2004 754 2068 sincerum
769 2025 882 2069 sonere
897 2012 996 2082 atque
1011 2007 1139 2068 subesse

323 2134 453 2177 oaeoum
470 2114 612 2191 aliquem
628 2115 720 2177 cordi
736 2115 916 2190 stimulum,
933 2114 1085 2192 quamuis
1100 2121 1198 2192 neget
1214 2114 1280 2192 ipse

322 2225 454 2286 eredere
469 2244 502 2287 se
517 2244 713 2301 quemquam
727 2225 789 2287 sibi
803 2245 933 2287 sensum
948 2223 984 2285 in
997 2231 1101 2287 morte
1115 2223 1277 2287 futurum.

279 2354 398 2411 —aon,
413 2340 452 2396 ut
467 2333 593 2411 opinor,
610 2333 696 2395 enim
709 2334 768 2395 dat
784 2334 871 2411 quod
887 2333 1053 2411 promittit
1069 2341 1101 2397 et
1116 2335 1214 2409 unde,

322 2464 381 2506 neo
397 2443 558 2506 radicitus
573 2465 590 2506 e
606 2443 677 2506 uita
694 2464 727 2506 se
742 2443 830 2506 tollit
847 2450 879 2507 et
895 2443 980 2519 eicit,

322 2554 379 2615 sed
395 2552 478 2615 faoit
494 2573 561 2615 esse
577 2553 629 2615 sui
644 2552 803 2630 quiddam
818 2573 918 2630 super
934 2552 1057 2614 inscius
1073 2553 1152 2630 ipse.

321 2663 417 2725 uiuos
434 2662 521 2724 enim
538 2662 600 2725 sibi
618 2684 691 2725 oum
710 2662 867 2740 proponit
885 2661 1022 2738 quisque
1041 2656 1205 2738 futurum,

322 2793 442 2850 eorpus
456 2772 507 2835 uti
522 2772 672 2835 uolucres
687 2773 832 2834 lacerent
848 2771 883 2832 in
898 2778 1001 2833 morte
1018 2770 1183 2849 feraeque,

322 2882 392 2960 ipse
406 2882 458 2944 sui
473 2881 621 2957 miseret;
638 2902 742 2958 neque
758 2880 845 2943 enim
860 2902 894 2944 se
908 2880 1033 2943 diuidit
1049 2880 1131 2942 illim

322 3012 381 3054 neo
396 2998 542 3054 remouet
558 2991 637 3054 satis
653 3013 672 3053 a
687 2990 833 3068 proieoto
848 3010 983 3068 corpore
999 2997 1031 3052 et
1046 2990 1140 3052 illum

322 3122 355 3164 se
370 3100 467 3178 fingit
482 3121 643 3177 sensuque
660 3120 719 3163 suo
735 3099 938 3162 contaminat
954 3105 1075 3162 astans.

279 3210 398 3273 —hino
414 3210 610 3288 indignatur
626 3230 658 3271 se
673 3210 845 3271 mortalem
860 3229 927 3271 esse
942 3215 1089 3271 creatum

322 3341 381 3384 neo
396 3320 489 3383 uidet
504 3320 539 3380 in
554 3340 635 3382 uera
649 3320 778 3380 nullum
794 3317 866 3381 iore
880 3324 984 3381 morte
1000 3318 1102 3381 alium
1117 3338 1150 3381 se

323 3430 376 3493 oui
392 3429 495 3508 possit
510 3429 606 3492 uiuos
621 3427 683 3491 sibi
698 3449 731 3491 se
746 3429 859 3504 lugere
875 3434 1083 3505 peremptum

321 3547 477 3616 stansque
494 3538 654 3601 iacentem
676 3547 708 3608 <
714 3546 784 3608 se>
807 3535 947 3599 lacerari
966 3536 1062 3599 uriue
1079 3536 1200 3600 dolere.

520 3643 728 3703 <HYROAN1
750 3642 832 3693 NON
854 3642 984 3692 ERANT
1008 3642 1181 3701 Aenum>

322 3755 399 3796 uam
415 3734 442 3796 si
459 3734 494 3795 in
510 3739 615 3795 morte
630 3733 785 3794 malumst
800 3731 896 3794 malis
910 3750 1086 3807 morsuque
1103 3730 1252 3794 ferarum

321 3843 470 3919 tractari,
487 3863 553 3905 non
569 3841 704 3904 inuenio
719 3840 776 3918 qui
791 3861 858 3903 non
873 3840 916 3902 sit
933 3841 1086 3903 acerbum

332 3976 384 4026 876
394 3976 461 4037 fort.
477 3974 584 4024 abunde

332 4044 384 4094 886
393 4044 466 4104 vulp.
481 4041 528 4107 qui
