3190 4682
542 452 572 503 Τ.
593 451 756 504 evonant
776 451 865 502 clar

165 686 253 745 quae
268 667 363 745 quasi
377 668 547 730 cuduntur
564 687 687 745 perque
703 667 789 730 aeris
803 666 1018 729 interuallum

164 797 236 839 non
253 776 409 839 dubitant
424 776 568 840 transire
585 776 735 853 sequenti
751 776 880 838 concita
896 776 1005 853 plaga,

165 886 405 964 suppeditatur
420 885 506 947 enim
521 885 694 949 confestim
708 885 832 948 lumine
846 886 957 947 lumen

165 1003 200 1059 et
216 995 312 1073 quasi
326 996 454 1073 protelo
468 995 660 1059 stimulatur
676 994 805 1072 fulgere
821 993 947 1072 fulgur.

122 1111 375 1183 —quapropter
391 1104 660 1182 simulacra'pari
678 1103 805 1167 ratione
823 1110 997 1183 necessest

165 1214 414 1277 inmemorabile
431 1235 490 1292 per
506 1214 652 1292 spatium
667 1222 896 1277 transcurrere
913 1232 1005 1291 posse

164 1324 325 1402 temporis
342 1324 377 1385 in
394 1330 527 1401 puncto,
544 1324 689 1402 primum
706 1323 793 1400 quod
811 1323 951 1401 paruola
966 1342 1065 1385 causa

166 1441 218 1498 est
236 1434 351 1512 procul
367 1454 389 1497 a
403 1440 497 1511 tergo
513 1453 596 1511 quae
613 1434 775 1511 prouehat
793 1439 891 1509 atque
909 1432 1083 1510 propellat,

165 1543 257 1621 quod
273 1549 432 1620 superest,
448 1542 591 1606 ubitam
606 1542 736 1605 uolucri
751 1542 888 1607 leuitate
905 1541 1077 1618 ferantur3

165 1653 287 1716 deinde
305 1654 392 1730 quod
409 1671 513 1730 usque
531 1653 613 1715 adeo
629 1659 764 1714 textura
781 1651 935 1729 praedita
952 1671 1029 1713 rara

164 1762 358 1838 mittuntur,
375 1761 473 1827 facile
487 1768 526 1825 ut
540 1761 674 1839 quasuis
689 1769 863 1839 penetrare
877 1766 1000 1839 queant
1014 1781 1067 1824 res
1093 1806 1095 1815 ι

166 1879 199 1935 et
218 1871 313 1949 quasi
330 1891 524 1949 permanare
543 1891 602 1949 per
620 1870 705 1934 aeris
722 1871 946 1934 interuallum.

122 1987 340 2058 -praeterea
356 1981 384 2042 si
400 2001 484 2059 quae
500 1981 634 2059 penitus
650 1982 845 2059 corpuscula
862 2001 973 2044 rerum
1013 2002 1016 2007 ’

165 2111 208 2154 ex
222 2091 353 2167 altoque
368 2090 460 2153 foras
473 2090 664 2167 mittuntur,
680 2090 756 2153 solis
770 2089 822 2152 uti
836 2091 895 2152 lux

164 2220 205 2263 ae
221 2219 337 2277 uapor,
353 2200 432 2263 haec
448 2208 572 2278 puncto
588 2206 771 2263 cernuntur
786 2201 881 2277 lapsa
897 2198 963 2262 diei

165 2330 228 2388 per
244 2316 351 2371 totum
367 2309 449 2371 caeli
465 2309 611 2387 spatium
628 2309 815 2372 diffundere
831 2328 908 2386 sese,

166 2439 292 2497 perque
308 2419 421 2482 uolare
438 2439 528 2482 mare
546 2439 582 2481 ac
599 2419 706 2482 terra's
723 2420 913 2497 caelumque
930 2418 1049 2496 rigare,

165 2528 249 2606 quid
264 2548 348 2605 quae
363 2534 441 2591 sunt
456 2527 561 2605 igitur
576 2528 641 2591 iam
657 2528 765 2606 prima
781 2528 893 2591 fronte
908 2535 1036 2606 parata,

166 2657 242 2700 cum
258 2637 427 2700 iaciuntur
441 2645 473 2702 et
489 2637 641 2700 emissum
656 2659 708 2701 res
723 2639 818 2701 nulla
831 2641 1002 2700 moraturl

166 2766 276 2809 nonne
291 2746 385 2809 uides
400 2746 498 2809 citius
513 2746 629 2811 debere
646 2754 678 2809 et
693 2748 824 2825 longius
839 2747 886 2809 ire

165 2855 406 2934 multiplexque
422 2856 484 2919 loci
500 2857 645 2934 spatium
660 2864 888 2920 transcurrere
904 2858 1016 2919 eodem

166 2973 314 3043 tempore
330 2985 396 3043 quo
410 2966 486 3029 solis
501 2967 699 3044 peruolgant
714 2967 842 3030 lumina
857 2967 1004 3030 caeluml

125 3075 226 3136 —hoc
242 3074 341 3137 etiam
357 3074 392 3136 in
408 3075 524 3153 primis
538 3075 702 3153 specimen
717 3097 834 3139 uerum
850 3096 917 3140 esse
932 3076 1068 3139 uidetur

167 3203 266 3261 quam
282 3184 380 3246 celeri
394 3191 485 3247 motu
500 3205 611 3248 rerum
627 3185 804 3248 simulacra
819 3185 992 3265 ferantur„

167 3293 253 3370 quod
270 3293 368 3355 simul
384 3314 421 3356 ac
437 3294 581 3371 primum
597 3295 656 3357 sub
673 3295 731 3356 diu
746 3295 903 3372 splendor
917 3295 1017 3373 aquai

167 3401 313 3479 ponitur,
332 3404 496 3480 extemplo
512 3405 601 3466 caelo
617 3404 769 3467 stellante
786 3424 901 3466 serena

167 3511 276 3574 sidera
290 3512 491 3590 respondent
507 3513 543 3574 in
559 3533 646 3590 aqua
661 3512 830 3576 radiantia
845 3513 971 3576 mundi.
1006 3592 1009 3598 Ι

126 3620 274 3684 —iamne
291 3621 385 3684 uides
401 3621 505 3699 igitur
522 3642 620 3699 quam
637 3629 762 3700 puncto
777 3630 923 3700 tempore
941 3622 1049 3700 imago

168 3730 308 3793 aetheris
324 3752 364 3794 ex
380 3731 446 3793 oris
461 3730 497 3792 in
512 3738 678 3794 terrarum
694 3731 822 3794 accidat
838 3735 932 3794 orest

171 3834 292 3923 {lquere
310 3839 408 3904 etiam
426 3846 525 3917 atque
542 3841 640 3903 etiam
657 3840 746 3902 mitti
760 3839 891 3919 'fateare
908 3847 1067 3903 necessest

179 3970 228 4020 206
238 3986 329 4035 quone

179 4039 227 4088 216
237 4040 309 4089 mira
