3234 4686
655 393 706 442 Dr
724 393 855 442 RERVM
874 393 1027 444 NATVRA
1051 394 1075 443 V

486 603 793 667 QVEMADMODVM
812 605 972 655 FERRVM
991 606 1201 656 INVEerM
1220 605 1280 656 SIT

414 691 511 753 Nunc
528 691 590 754 tibi
609 713 674 769 quo
692 700 789 771 pacto
806 693 890 755 ferri
907 701 1031 757 natura
1047 701 1180 772 reperta

351 799 395 862 sit
413 799 542 863 facilest
560 801 624 879 ipsi
643 823 702 880 per
719 811 752 866 te
770 823 971 881 cognoscere,
990 804 1133 867 Memmi.

351 911 456 973 Arma
472 911 610 988 antiqua
627 933 744 975 manus
760 934 888 990 ungues
905 915 1083 991 dentesque
1100 913 1240 976 fuerunt

351 1026 383 1082 et
399 1020 527 1098 lapides
543 1027 575 1084 et
592 1022 670 1084 item
687 1022 848 1085 siluarum
865 1023 1034 1101 fragmina
1050 1023 1144 1099 rami,

351 1137 384 1191 et
401 1129 532 1193 flamma
549 1138 648 1208 atque
666 1131 767 1208 ignea,
786 1140 960 1210 postquam
978 1138 1056 1194 sunt
1074 1132 1205 1210 cognita
1223 1131 1376 1210 primum.
1435 1123 1494 1173 ¹²⁸⁵

351 1239 515 1316 posterius
533 1239 617 1304 ferri
636 1240 688 1303 uis
707 1249 756 1304 est
775 1242 923 1319 aerisque
943 1249 1085 1319 reperta.

352 1355 383 1410 ct
400 1348 492 1425 prior
509 1348 594 1412 aeris
610 1357 681 1412 erat
698 1371 797 1427 quam
814 1350 898 1412 ferri
915 1351 1066 1428 cognitus
1081 1370 1170 1427 usus,

351 1478 416 1534 quo
433 1457 542 1521 facilis
559 1459 664 1536 magis
681 1466 729 1522 est
747 1467 870 1523 natura
886 1467 918 1523 et
935 1460 1030 1538 copia
1045 1459 1159 1522 maior.

351 1587 425 1630 aere
442 1569 547 1630 solum
563 1576 671 1631 terrae
689 1570 888 1645 tractabant,
907 1589 1045 1646 aereque
1062 1568 1139 1631 belli

350 1677 530 1740 miscebant
547 1678 667 1740 fluctus
684 1685 716 1741 et
733 1679 875 1741 uulnera
892 1685 989 1741 uasta
1004 1680 1156 1741 serebant

351 1794 383 1849 et
398 1807 498 1864 pecus
514 1794 612 1864 atque
629 1808 725 1865 agros
741 1787 947 1863 adimebant3
969 1788 1062 1864 (nam
1079 1786 1177 1850 facile
1194 1787 1267 1850 ollis

350 1896 459 1959 omnia
476 1897 635 1959 cedebant
653 1897 790 1960 armatis
806 1898 899 1960 nuda
915 1904 947 1959 et
965 1897 1122 1973 inerma).

348 2005 427 2067 inde
444 2005 635 2069 minutatim
652 2007 809 2084 processit
828 2006 957 2069 ferreus
974 2006 1060 2068 ensis

349 2135 510 2192 uersaque
527 2115 563 2176 in
580 2116 793 2193 obprobrium
809 2116 933 2194 species
950 2123 998 2178 est
1016 2115 1112 2178 falcis
1130 2117 1263 2193 ahenas,

349 2232 382 2287 et
397 2223 489 2288 ferro
502 2245 635 2303 coepere
650 2226 755 2287 solum
770 2225 980 2303 proscindere
995 2232 1104 2288 terrae

349 2341 595 2412 exaequataque
614 2342 692 2397 sunt
712 2335 839 2413 creperi
859 2335 1040 2398 certamina
1059 2335 1145 2397 belli.

350 2451 382 2507 ct
398 2444 492 2521 prius
509 2450 557 2505 est
573 2452 738 2507 armatum
754 2444 789 2505 in
806 2444 881 2521 equi
898 2444 1112 2507 conscendere
1129 2452 1234 2507 costas

350 2559 381 2617 et
399 2554 600 2617 moderarier
616 2555 704 2616 hune
722 2553 828 2617 irenis
844 2555 1026 2630 dextraque
1042 2554 1155 2631 uigere

350 2683 449 2741 quam
465 2663 578 2741 biiugo
595 2684 697 2726 curru
712 2663 791 2725 belli
807 2669 969 2741 temptare
988 2663 1121 2740 pericla.

350 2780 383 2836 et
397 2773 526 2851 biiugos
541 2773 635 2851 prius
652 2780 700 2837 est
717 2794 815 2850 quam
832 2772 882 2834 bis
898 2772 1096 2849 coniungere
1113 2772 1206 2834 binos

350 2890 381 2944 et
401 2903 500 2959 quam
519 2882 689 2945 falciferos
708 2889 873 2945 armatum
892 2881 1063 2943 escendere
1083 2902 1216 2971 currus

348 2992 427 3055 inde
443 2993 541 3055 boues
557 2993 648 3054 lucas
664 2991 789 3054 turrito
804 3011 949 3068 corpore,
968 2997 1080 3067 tetras,

349 3101 579 3178 anguimanus,
598 3101 675 3163 belli
693 3102 876 3163 docuerunt
893 3102 1032 3163 uolnera
1049 3099 1151 3163 Poeni

349 3211 488 3274 sufferre
504 3218 536 3274 et
552 3230 689 3287 magnas
705 3209 824 3271 Martis
840 3211 976 3272 turbare
994 3216 1153 3272 cateruas.

306 3321 395 3384 —sic
413 3320 472 3383 alit
489 3340 529 3381 ex
545 3319 611 3382 alio
626 3318 756 3397 peperit
773 3318 938 3381 discordia
953 3318 1068 3394 tristis

349 3429 507 3493 horribile
524 3428 678 3491 humanis
695 3429 783 3506 quod
801 3427 954 3505 gentibus
972 3434 1055 3491 esset
1072 3427 1106 3488 in
1124 3427 1234 3505 armis,

349 3540 448 3617 inque
468 3538 537 3601 dies
554 3537 632 3601 belli
650 3537 833 3601 terroribus
852 3536 983 3600 addidit
1002 3557 1152 3614 augmen.

369 3649 633 3726 -Temptarunt
651 3646 750 3710 etiam
767 3654 881 3709 tauros
899 3646 934 3707 in
951 3666 1100 3710 moenere
1118 3645 1195 3709 belli

350 3758 541 3836 expertique
559 3776 632 3819 sues
650 3775 764 3818 saeuos
781 3762 860 3817 sunt
877 3755 1007 3817 mittere
1024 3755 1060 3816 in
1076 3754 1189 3818 hostis.

349 3875 382 3932 et
396 3867 527 3931 ualidos
541 3865 664 3945 partim
679 3885 759 3943 prae
774 3885 808 3927 se
822 3864 938 3928 misere
954 3865 1062 3927 leones

343 4001 411 4052 1300
421 3998 519 4064 biiugo
614 4018 619 4029 ·

843 4165 917 4216 [208]
