3190 4682
681 880 716 945 T.
734 880 932 944 LVCRETI
951 881 1059 944 CARI

588 1060 664 1136 DE
685 1060 889 1136 RERVM
908 1059 1143 1136 NATVRA
1232 1094 1234 1099 ·

734 1237 838 1313 Lumo
853 1237 1000 1314 Qumrvs

427 1480 509 1559 Quis
527 1481 614 1559 potis
633 1488 681 1544 cst
699 1481 838 1559 dignum
857 1481 996 1560 pollenti
1014 1488 1145 1560 pectore
1164 1501 1292 1544 carmen

363 1592 512 1667 condere,
530 1611 592 1669 pro
607 1611 718 1654 rerum
734 1591 904 1654 maiestate
920 1591 1036 1669 hisque
1053 1590 1215 1668 repertisl

362 1700 479 1778 quisue
495 1701 586 1764 ualet
601 1701 714 1764 uerbis
728 1707 860 1763 tantum
877 1701 935 1778 qui
950 1700 1074 1778 fingere
1090 1701 1205 1763 laudes

363 1830 426 1888 pro
439 1810 568 1873 meritis
583 1810 653 1873 cius
669 1810 772 1889 possit
789 1810 846 1888 qui
863 1811 946 1873 talia
960 1810 1054 1872 nobis

362 1926 494 1998 pectore
511 1927 610 1998 parta
626 1940 687 1983 suo
703 1920 916 1998 quaesitaque
934 1920 1081 1998 praemia
1099 1919 1219 1997 liquit?

361 2049 466 2106 nemo,
483 2036 522 2092 ut
539 2029 666 2107 opinor,
685 2028 749 2092 erit
765 2029 897 2092 mortali
915 2049 1051 2108 corpore
1068 2036 1186 2091 cretus.

361 2158 438 2202 uem
452 2138 490 2215 si,
505 2146 546 2201 ut
559 2139 632 2218 ipsa
647 2139 732 2217 petit
746 2138 901 2202 maiestas
915 2139 1048 2216 cognita
1061 2160 1181 2215 rerum,

362 2247 538 2311 dicendum
554 2254 611 2325 est,
629 2250 710 2311 deus
725 2248 780 2310 ille
797 2248 875 2325 fuit,
893 2250 982 2325 deus,
999 2249 1122 2325 inclyte
1139 2248 1279 2320 Memmi,

360 2357 419 2435 qui
434 2358 589 2436 princeps
605 2358 695 2422 uitae
712 2358 873 2421 rationem
889 2358 1020 2421 inuenit
1036 2379 1107 2422 eam
1123 2379 1207 2435 quae

360 2487 449 2530 nunc
465 2468 656 2546 appellatur
671 2467 845 2546 sapientia,
862 2467 983 2545 quique
999 2487 1059 2546 per
1074 2474 1179 2531 artem

360 2576 517 2640 fluctibus
533 2598 550 2640 e
567 2577 671 2640 tentis
688 2577 793 2640 uitam
812 2577 979 2654 tantisque
996 2578 1141 2640 tenebris

360 2686 395 2746 iu
411 2693 480 2749 tam
496 2687 680 2764 tranquillo
694 2692 725 2747 et
742 2694 811 2750 tam
827 2687 918 2749 clara
933 2687 1005 2750 luce
1022 2686 1153 2749 locauit.

320 2791 448 2851 <PLVs
461 2791 681 2843 HOMINIBVS
693 2791 901 2843 PROFVISSE
914 2793 981 2857 QVI
993 2792 1235 2843 SAPIENTIAM
1247 2775 1435 2842 INVENuuu

512 2876 619 2941 QVAM
638 2877 815 2927 GERRREM
834 2877 1007 2927 LIBRRVM
1027 2877 1264 2937 HEROVLEM>

378 2963 547 3026 —Confer
566 2964 652 3025 enim
670 2964 786 3027 diuina
805 2964 945 3027 aliorum
965 2964 1104 3042 antiqua
1120 2971 1262 3043 reperta.

358 3092 499 3149 namque
518 3073 616 3136 Ceres
633 3073 744 3136 fertur
763 3074 877 3151 fruges
895 3074 1056 3151 Liberque
1075 3074 1212 3152 liquoris

358 3181 499 3259 uitigcni
517 3182 647 3245 laticem
664 3183 859 3246 mortalibus
878 3184 1077 3260 instituisse3

358 3312 432 3353 cum
447 3298 558 3354 tamen
573 3292 624 3354 his
641 3299 749 3371 posset
764 3293 833 3355 sinc
849 3294 947 3355 rebus
962 3293 1034 3355 uita
1049 3313 1190 3369 manere,

357 3407 396 3463 ut
413 3400 504 3464 fama
521 3407 570 3464 est
586 3402 714 3478 aliquas
731 3402 830 3466 etiam
847 3423 936 3464 nunc
953 3402 1068 3465 uiuere
1085 3401 1202 3479 gentis.

314 3518 393 3572 —at
407 3512 488 3572 bene
503 3530 570 3573 non
586 3517 717 3588 poterat
732 3511 801 3573 sinc
817 3532 903 3589 puro
917 3517 1047 3588 pectore
1062 3511 1152 3588 uiui3

357 3639 422 3696 quo
436 3620 542 3697 magis
556 3620 610 3683 hic
626 3620 745 3683 merito
759 3621 853 3683 nobis
869 3623 949 3683 deus
965 3642 1032 3685 esse
1048 3621 1193 3697 uidetur,

357 3748 396 3790 cx
412 3749 477 3806 quo
491 3750 581 3792 nunc
596 3730 695 3792 etiam
711 3749 770 3807 per
786 3751 922 3807 magnes
938 3730 1045 3793 didita
1061 3729 1169 3807 gentis

356 3838 468 3902 dulcia
483 3840 689 3917 permulcent
705 3839 830 3901 animos
845 3839 965 3901 solacia
980 3839 1079 3902 uitae.

312 3949 392 4009 -H
392 3948 511 4011 crculis
530 3948 690 4011 antistare
709 3955 818 4011 autem
837 3949 864 4010 si
883 3949 973 4012 facta
992 3949 1135 4026 putabis,

851 4182 924 4233 [164]
