3234 4686
683 463 734 513 DE
751 462 884 512 RERVM
902 462 1056 512 NATVRA
1080 462 1103 511 V

444 928 490 990 ut
506 948 609 1006 genus
625 930 807 993 humanum
824 932 929 993 multo
945 930 1013 993 luit
1030 930 1114 992 illud
1131 930 1167 991 in
1184 930 1275 993 aruis

380 1037 508 1114 durius,
524 1044 564 1101 ut
579 1038 699 1115 decuit,
717 1040 816 1102 tellus
833 1041 921 1117 quod
938 1040 1023 1103 dura
1040 1045 1190 1116 creasset,

380 1153 413 1210 et
426 1147 606 1211 maioribus
620 1155 653 1210 et
667 1148 780 1211 solidis
795 1149 900 1227 magis
915 1149 1040 1211 ossibus
1055 1149 1147 1212 intus

380 1255 570 1333 fundatum,
587 1257 709 1321 ualidis
726 1264 842 1336 aptum
860 1279 921 1336 per
936 1258 1065 1322 uiscera
1081 1258 1203 1335 neruis,

379 1386 439 1430 nec
455 1366 553 1430 facile
570 1386 610 1428 ex
626 1373 719 1430 aestu
734 1388 794 1431 nec
811 1367 936 1446 frigore
953 1369 1041 1446 quod
1057 1374 1232 1445 caperetur

379 1497 439 1539 nec
454 1476 604 1540 nouitate
619 1476 684 1539 cibi
699 1497 759 1541 nec
775 1477 842 1540 labi
858 1477 1005 1556 corporis
1020 1478 1099 1540 ulla.

336 1587 548 1663 -multaque
567 1606 627 1664 per
644 1588 770 1649 eaelum
788 1587 865 1649 solis
881 1587 1053 1650 uoluentia
1069 1587 1177 1650 lustra

378 1695 556 1773 uolgiuago
572 1696 677 1759 uitam
692 1697 884 1759 tractabant
899 1716 988 1760 more
1005 1695 1164 1760 ferarum.

378 1825 438 1867 nec
453 1807 609 1868 robustus
623 1811 695 1869 erat
711 1806 808 1868 curui
824 1807 1010 1868 moderator
1027 1806 1132 1869 aratri

378 1914 561 1992 quisquam,
578 1935 638 1978 nec
654 1915 759 1978 scibat
774 1915 866 1978 ferro
881 1914 1027 1979 molirier
1044 1935 1126 1978 arua

378 2044 438 2088 nec
454 2045 542 2088 noua
559 2025 715 2087 defodere
731 2024 766 2085 in
783 2031 907 2087 terram
923 2024 1074 2103 uirgulta
1089 2045 1194 2102 neque
1210 2024 1287 2088 altis

378 2133 551 2197 arboribus
566 2140 696 2197 ueteres
711 2134 860 2195 decidere
878 2133 1017 2196 falcibu’
1035 2154 1152 2197 ramos.

382 2245 469 2322 quod
486 2244 534 2305 sol
551 2250 650 2320 atque
667 2243 787 2306 imbres
804 2245 973 2320 dederant,
993 2245 1080 2321 quod
1098 2251 1189 2307 terra
1206 2250 1333 2307 crearat

377 2360 494 2431 sponte
510 2373 580 2430 sua,
596 2354 677 2417 satis
693 2354 729 2416 id
745 2355 898 2432 placabat
915 2361 1050 2432 pectora
1065 2356 1197 2417 donum.

377 2462 583 2540 glandiferas
600 2463 688 2526 inter
704 2466 866 2527 curabant
882 2484 1021 2541 corpora
1037 2483 1177 2541 quercus

377 2573 588 2651 plerumque;
605 2580 637 2636 et
653 2593 737 2650 quae
752 2593 841 2635 nunc
856 2573 992 2636 hiberno
1007 2579 1154 2651 tempore
1171 2572 1276 2636 cernis

377 2681 486 2745 arbita
502 2682 643 2760 puniceo
656 2682 729 2744 fieri
745 2689 878 2745 matura
894 2683 1009 2758 colore,

376 2791 522 2869 plurima
538 2797 611 2854 tum
628 2791 726 2855 tellus
744 2791 843 2856 etiam
859 2791 985 2855 maiora
1003 2791 1142 2855 ferebat.

377 2901 546 2978 multaque
564 2908 736 2978 praeterea
752 2902 885 2963 nouitas
901 2908 974 2964 turn
991 2900 1109 2963 florida
1125 2899 1242 2963 mundi

376 3011 500 3088 pabula
517 3012 602 3074 dura
618 3010 706 3086 tulit,
724 3010 851 3074 miseris
868 3010 1064 3073 mortalibus
1080 3010 1199 3088 ampla.

376 3127 412 3182 at
427 3121 540 3183 sedare
556 3120 645 3183 sitim
660 3120 756 3183 fluuii
772 3120 945 3197 fontesque
960 3122 1134 3196 uocabant,

375 3237 414 3292 ut
430 3250 519 3293 nune
534 3230 701 3293 montibus
716 3252 732 3293 e
747 3230 876 3307 magnis
891 3230 1049 3292 decursus
1065 3228 1163 3306 aquai

376 3339 540 3402 claricitat
554 3340 620 3402 late
635 3339 783 3403 sitientia
797 3340 904 3402 saecla
919 3338 1077 3402 ferarum.

375 3449 517 3526 denique
533 3457 613 3512 nota
627 3449 706 3527 uagi
722 3449 889 3512 siluestria
905 3449 1030 3527 templa
1045 3450 1202 3511 tenebant

374 3560 608 3637 nympharum,
625 3558 744 3635 quibus
761 3578 777 3619 e
794 3558 922 3620 scibant
938 3557 1060 3620 umori'
1077 3557 1202 3620 fluenta

374 3669 503 3732 lubrica
518 3668 670 3746 proluuie
686 3669 780 3745 larga
795 3669 907 3731 lauere
922 3667 1036 3730 umida
1052 3687 1139 3743 saxa,

374 3778 489 3841 umida
504 3798 592 3854 saxa,
609 3797 710 3855 super
725 3777 829 3839 uiridi
845 3776 1008 3840 stillantia
1023 3796 1144 3853 musco,

375 3894 407 3951 et
422 3887 546 3965 partim
562 3888 662 3965 plano
678 3893 803 3950 scatere
820 3894 918 3963 atque
934 3906 1106 3963 erumpere
1122 3905 1247 3963 campo.

375 3998 515 4060 necdum
530 4018 583 4060 res
599 3996 669 4074 igni
685 3995 813 4059 scibant
829 4002 973 4059 tractare
990 4015 1095 4072 neque
1111 3994 1164 4057 uti

385 4129 435 4178 925
446 4129 518 4188 vala.
534 4129 572 4178 At

381 4196 515 4256 947ve19.
533 4195 701 4246 claru’citat
868 4228 941 4280 [196]
