<?xml version="1.0" encoding="UTF-8"?>
<!DOCTYPE html PUBLIC "-//W3C//DTD XHTML 1.0 Transitional//EN"
    "http://www.w3.org/TR/xhtml1/DTD/xhtml1-transitional.dtd">
<html xmlns="http://www.w3.org/1999/xhtml" xml:lang="en" lang="en">
 <head>
  <title>
</title>
<meta http-equiv="Content-Type" content="text/html;charset=utf-8" />
  <meta name='ocr-system' content='tesseract 3.04.00' />
  <meta name='ocr-capabilities' content='ocr_page ocr_carea ocr_par ocr_line ocrx_word'/>
</head>
<body>
  <div class='ocr_page' id='page_1' title='image "./lvcretiderervmn00merrgoog_0257.png"; bbox 0 0 3234 4686; ppageno 0'>
   <div class='ocr_carea' id='block_1_1' title="bbox 567 429 1002 481">
    <p class='ocr_par' dir='ltr' id='par_1_1' title="bbox 567 429 1002 481">
     <span class='ocr_line' id='line_1_1' title="bbox 567 429 1002 481; baseline -0.002 -1"><span class='ocrx_word' id='word_1_1' title='bbox 567 430 618 480; x_wconf 81' lang='lat' dir='ltr'>DE</span> <span class='ocrx_word' id='word_1_2' title='bbox 636 430 768 480; x_wconf 78' lang='lat' dir='ltr'><strong><em>RERVM</em></strong></span> <span class='ocrx_word' id='word_1_3' title='bbox 786 429 940 481; x_wconf 78' lang='lat' dir='ltr'><strong><em>NATVBA</em></strong></span> <span class='ocrx_word' id='word_1_4' title='bbox 963 429 1002 480; x_wconf 74' lang='lat'>1⁷1</span> 
     </span>
    </p>
   </div>
   <div class='ocr_carea' id='block_1_2' title="bbox 230 642 1251 3469">
    <p class='ocr_par' dir='ltr' id='par_1_2' title="bbox 274 642 955 723">
     <span class='ocr_line' id='line_1_2' title="bbox 274 642 955 723; baseline 0 -17"><span class='ocrx_word' id='word_1_5' title='bbox 274 663 339 706; x_wconf 86' lang='lat' dir='ltr'>nox</span> <span class='ocrx_word' id='word_1_6' title='bbox 354 642 412 706; x_wconf 93' lang='lat' dir='ltr'>ubi</span> <span class='ocrx_word' id='word_1_7' title='bbox 426 643 569 707; x_wconf 79' lang='lat' dir='ltr'>terribili</span> <span class='ocrx_word' id='word_1_8' title='bbox 584 651 691 708; x_wconf 88' lang='lat' dir='ltr'>terras</span> <span class='ocrx_word' id='word_1_9' title='bbox 707 643 847 723; x_wconf 87' lang='lat' dir='ltr'>caligine</span> <span class='ocrx_word' id='word_1_10' title='bbox 862 647 955 711; x_wconf 87' lang='lat' dir='ltr'>texit.</span> 
     </span>
    </p>

    <p class='ocr_par' dir='ltr' id='par_1_3' title="bbox 231 752 1161 1599">
     <span class='ocr_line' id='line_1_3' title="bbox 231 752 1088 832; baseline 0.001 -16"><span class='ocrx_word' id='word_1_11' title='bbox 231 754 361 831; x_wconf 94' lang='lat' dir='ltr'>—quod</span> <span class='ocrx_word' id='word_1_12' title='bbox 379 752 478 816; x_wconf 90' lang='lat' dir='ltr'>nimis</span> <span class='ocrx_word' id='word_1_13' title='bbox 494 774 515 817; x_wconf 89' lang='lat' dir='ltr'>a</span> <span class='ocrx_word' id='word_1_14' title='bbox 530 761 642 817; x_wconf 91' lang='lat' dir='ltr'>uerast</span> <span class='ocrx_word' id='word_1_15' title='bbox 659 755 755 832; x_wconf 87' lang='lat' dir='ltr'>longe</span> <span class='ocrx_word' id='word_1_16' title='bbox 772 753 899 817; x_wconf 91' lang='lat' dir='ltr'>ratione</span> <span class='ocrx_word' id='word_1_17' title='bbox 917 762 1088 817; x_wconf 89' lang='lat' dir='ltr'>remotum.</span> 
     </span>
     <span class='ocr_line' id='line_1_4' title="bbox 274 863 1161 942; baseline -0.001 -16"><span class='ocrx_word' id='word_1_18' title='bbox 274 863 398 942; x_wconf 79' lang='lat' dir='ltr'>quippe</span> <span class='ocrx_word' id='word_1_19' title='bbox 415 863 473 926; x_wconf 94' lang='lat' dir='ltr'>ubi</span> <span class='ocrx_word' id='word_1_20' title='bbox 489 864 538 925; x_wconf 97' lang='lat' dir='ltr'>sol</span> <span class='ocrx_word' id='word_1_21' title='bbox 553 864 681 926; x_wconf 89' lang='lat' dir='ltr'>nudum</span> <span class='ocrx_word' id='word_1_22' title='bbox 698 871 908 926; x_wconf 78' lang='lat' dir='ltr'>contractans</span> <span class='ocrx_word' id='word_1_23' title='bbox 925 884 1045 942; x_wconf 89' lang='lat' dir='ltr'>corpus</span> <span class='ocrx_word' id='word_1_24' title='bbox 1063 864 1161 941; x_wconf 90' lang='lat' dir='ltr'>aquai</span> 
     </span>
     <span class='ocr_line' id='line_1_5' title="bbox 273 973 1107 1052; baseline 0 -17"><span class='ocrx_word' id='word_1_25' title='bbox 273 992 340 1035; x_wconf 91' lang='lat' dir='ltr'>non</span> <span class='ocrx_word' id='word_1_26' title='bbox 356 973 479 1050; x_wconf 86' lang='lat' dir='ltr'>quierit</span> <span class='ocrx_word' id='word_1_27' title='bbox 495 973 639 1036; x_wconf 91' lang='lat' dir='ltr'>calidum</span> <span class='ocrx_word' id='word_1_28' title='bbox 655 993 776 1052; x_wconf 89' lang='lat' dir='ltr'>supera</span> <span class='ocrx_word' id='word_1_29' title='bbox 792 974 832 1035; x_wconf 91' lang='lat' dir='ltr'>de</span> <span class='ocrx_word' id='word_1_30' title='bbox 849 974 986 1037; x_wconf 87' lang='lat' dir='ltr'>reddere</span> <span class='ocrx_word' id='word_1_31' title='bbox 1002 981 1107 1052; x_wconf 88' lang='lat' dir='ltr'>parte,</span> 
     </span>
     <span class='ocr_line' id='line_1_6' title="bbox 274 1083 1076 1161; baseline -0.001 -16"><span class='ocrx_word' id='word_1_32' title='bbox 274 1104 348 1145; x_wconf 90' lang='lat' dir='ltr'>cum</span> <span class='ocrx_word' id='word_1_33' title='bbox 365 1103 522 1161; x_wconf 91' lang='lat' dir='ltr'>superum</span> <span class='ocrx_word' id='word_1_34' title='bbox 540 1084 651 1146; x_wconf 91' lang='lat' dir='ltr'>lumen</span> <span class='ocrx_word' id='word_1_35' title='bbox 667 1089 762 1146; x_wconf 92' lang='lat' dir='ltr'>tanto</span> <span class='ocrx_word' id='word_1_36' title='bbox 779 1083 912 1147; x_wconf 81' lang='lat' dir='ltr'>feruore</span> <span class='ocrx_word' id='word_1_37' title='bbox 929 1083 1076 1160; x_wconf 83' lang='lat' dir='ltr'>fruatur,</span> 
     </span>
     <span class='ocr_line' id='line_1_7' title="bbox 274 1193 1147 1271; baseline 0 -16"><span class='ocrx_word' id='word_1_38' title='bbox 274 1193 331 1270; x_wconf 89' lang='lat' dir='ltr'>qui</span> <span class='ocrx_word' id='word_1_39' title='bbox 347 1199 447 1270; x_wconf 83' lang='lat' dir='ltr'>queat</span> <span class='ocrx_word' id='word_1_40' title='bbox 462 1193 515 1256; x_wconf 94' lang='lat' dir='ltr'>hic</span> <span class='ocrx_word' id='word_1_41' title='bbox 530 1200 647 1271; x_wconf 84' lang='lat' dir='ltr'>supter</span> <span class='ocrx_word' id='word_1_42' title='bbox 662 1200 731 1256; x_wconf 90' lang='lat' dir='ltr'>tam</span> <span class='ocrx_word' id='word_1_43' title='bbox 747 1213 857 1256; x_wconf 87' lang='lat' dir='ltr'>crasso</span> <span class='ocrx_word' id='word_1_44' title='bbox 872 1212 1007 1271; x_wconf 91' lang='lat' dir='ltr'>corpore</span> <span class='ocrx_word' id='word_1_45' title='bbox 1023 1199 1147 1256; x_wconf 90' lang='lat' dir='ltr'>terram</span> 
     </span>
     <span class='ocr_line' id='line_1_8' title="bbox 274 1302 1136 1382; baseline 0 -16"><span class='ocrx_word' id='word_1_46' title='bbox 274 1323 500 1382; x_wconf 87' lang='lat' dir='ltr'>perquoquere</span> <span class='ocrx_word' id='word_1_47' title='bbox 517 1322 663 1366; x_wconf 89' lang='lat' dir='ltr'>umorem</span> <span class='ocrx_word' id='word_1_48' title='bbox 680 1308 713 1366; x_wconf 89' lang='lat' dir='ltr'>et</span> <span class='ocrx_word' id='word_1_49' title='bbox 729 1302 837 1366; x_wconf 90' lang='lat' dir='ltr'>calido</span> <span class='ocrx_word' id='word_1_50' title='bbox 852 1303 973 1366; x_wconf 89' lang='lat' dir='ltr'>satiare</span> <span class='ocrx_word' id='word_1_51' title='bbox 991 1306 1136 1381; x_wconf 73' lang='lat' dir='ltr'>uapore?</span> 
     </span>
     <span class='ocr_line' id='line_1_9' title="bbox 258 1411 1141 1492; baseline 0 -18"><span class='ocrx_word' id='word_1_52' title='bbox 258 1413 470 1492; x_wconf 88' lang='lat' dir='ltr'>(praesertim</span> <span class='ocrx_word' id='word_1_53' title='bbox 485 1433 559 1475; x_wconf 93' lang='lat' dir='ltr'>cum</span> <span class='ocrx_word' id='word_1_54' title='bbox 574 1411 633 1475; x_wconf 86' lang='lat' dir='ltr'>uix</span> <span class='ocrx_word' id='word_1_55' title='bbox 647 1412 751 1491; x_wconf 83' lang='lat' dir='ltr'>possit</span> <span class='ocrx_word' id='word_1_56' title='bbox 766 1433 825 1491; x_wconf 89' lang='lat' dir='ltr'>per</span> <span class='ocrx_word' id='word_1_57' title='bbox 840 1419 955 1491; x_wconf 86' lang='lat' dir='ltr'>saepta</span> <span class='ocrx_word' id='word_1_58' title='bbox 971 1413 1141 1475; x_wconf 91' lang='lat' dir='ltr'>domorum</span> 
     </span>
     <span class='ocr_line' id='line_1_10' title="bbox 273 1522 1051 1599; baseline 0 -15"><span class='ocrx_word' id='word_1_59' title='bbox 273 1522 443 1587; x_wconf 89' lang='lat' dir='ltr'>insinuare</span> <span class='ocrx_word' id='word_1_60' title='bbox 458 1542 555 1585; x_wconf 91' lang='lat' dir='ltr'>suum</span> <span class='ocrx_word' id='word_1_61' title='bbox 570 1522 674 1585; x_wconf 89' lang='lat' dir='ltr'>radiis</span> <span class='ocrx_word' id='word_1_62' title='bbox 689 1522 883 1586; x_wconf 90' lang='lat' dir='ltr'>ardentibus</span> <span class='ocrx_word' id='word_1_63' title='bbox 898 1524 1051 1599; x_wconf 89' lang='lat' dir='ltr'>aestum.)</span> 
     </span>
    </p>

    <p class='ocr_par' dir='ltr' id='par_1_4' title="bbox 230 1631 1184 2150">
     <span class='ocr_line' id='line_1_11' title="bbox 230 1631 1184 1711; baseline -0.001 -15"><span class='ocrx_word' id='word_1_64' title='bbox 230 1632 366 1711; x_wconf 82' lang='lat' dir='ltr'>—Quae</span> <span class='ocrx_word' id='word_1_65' title='bbox 385 1631 502 1695; x_wconf 91' lang='lat' dir='ltr'>ratiost</span> <span class='ocrx_word' id='word_1_66' title='bbox 521 1632 646 1711; x_wconf 73' lang='lat' dir='ltr'>igitur?</span> <span class='ocrx_word' id='word_1_67' title='bbox 687 1633 845 1695; x_wconf 90' lang='lat' dir='ltr'>nimirum</span> <span class='ocrx_word' id='word_1_68' title='bbox 864 1639 956 1695; x_wconf 89' lang='lat' dir='ltr'>terra</span> <span class='ocrx_word' id='word_1_69' title='bbox 973 1632 1078 1711; x_wconf 80' lang='lat' dir='ltr'>magis</span> <span class='ocrx_word' id='word_1_70' title='bbox 1097 1633 1184 1710; x_wconf 91' lang='lat' dir='ltr'>quod</span> 
     </span>
     <span class='ocr_line' id='line_1_12' title="bbox 274 1742 1126 1821; baseline 0.001 -17"><span class='ocrx_word' id='word_1_71' title='bbox 274 1763 353 1806; x_wconf 92' lang='lat' dir='ltr'>rara</span> <span class='ocrx_word' id='word_1_72' title='bbox 367 1750 458 1821; x_wconf 90' lang='lat' dir='ltr'>tepet</span> <span class='ocrx_word' id='word_1_73' title='bbox 475 1742 599 1805; x_wconf 91' lang='lat' dir='ltr'>circum</span> <span class='ocrx_word' id='word_1_74' title='bbox 616 1742 743 1805; x_wconf 83' lang='lat' dir='ltr'>fontem</span> <span class='ocrx_word' id='word_1_75' title='bbox 760 1762 858 1820; x_wconf 92' lang='lat' dir='ltr'>quam</span> <span class='ocrx_word' id='word_1_76' title='bbox 875 1748 984 1806; x_wconf 89' lang='lat' dir='ltr'>cetera</span> <span class='ocrx_word' id='word_1_77' title='bbox 1000 1743 1100 1805; x_wconf 91' lang='lat' dir='ltr'>tellus</span> <span class='ocrx_word' id='word_1_78' title='bbox 1121 1813 1126 1821; x_wconf 48' lang='grc'>,</span> 
     </span>
     <span class='ocr_line' id='line_1_13' title="bbox 273 1852 1154 1931; baseline 0 -17"><span class='ocrx_word' id='word_1_79' title='bbox 273 1853 442 1929; x_wconf 85' lang='lat' dir='ltr'>multaque</span> <span class='ocrx_word' id='word_1_80' title='bbox 458 1858 537 1914; x_wconf 91' lang='lat' dir='ltr'>sunt</span> <span class='ocrx_word' id='word_1_81' title='bbox 552 1852 639 1930; x_wconf 91' lang='lat' dir='ltr'>ignis</span> <span class='ocrx_word' id='word_1_82' title='bbox 654 1871 757 1931; x_wconf 89' lang='lat' dir='ltr'>prope</span> <span class='ocrx_word' id='word_1_83' title='bbox 772 1852 898 1916; x_wconf 89' lang='lat' dir='ltr'>semina</span> <span class='ocrx_word' id='word_1_84' title='bbox 911 1872 1031 1931; x_wconf 90' lang='lat' dir='ltr'>corpus</span> <span class='ocrx_word' id='word_1_85' title='bbox 1046 1852 1154 1930; x_wconf 91' lang='lat' dir='ltr'>aquai.</span> 
     </span>
     <span class='ocr_line' id='line_1_14' title="bbox 273 1962 1082 2040; baseline -0.001 -16"><span class='ocrx_word' id='word_1_86' title='bbox 273 1964 333 2025; x_wconf 93' lang='lat' dir='ltr'>hoc</span> <span class='ocrx_word' id='word_1_87' title='bbox 350 1962 408 2025; x_wconf 92' lang='lat' dir='ltr'>ubi</span> <span class='ocrx_word' id='word_1_88' title='bbox 426 1962 577 2025; x_wconf 84' lang='lat' dir='ltr'>roriferis</span> <span class='ocrx_word' id='word_1_89' title='bbox 593 1970 718 2026; x_wconf 91' lang='lat' dir='ltr'>terram</span> <span class='ocrx_word' id='word_1_90' title='bbox 734 1982 800 2025; x_wconf 86' lang='lat' dir='ltr'>nox</span> <span class='ocrx_word' id='word_1_91' title='bbox 817 1962 929 2025; x_wconf 94' lang='lat' dir='ltr'>obruit</span> <span class='ocrx_word' id='word_1_92' title='bbox 945 1963 1082 2040; x_wconf 85' lang='lat' dir='ltr'>umbris,</span> 
     </span>
     <span class='ocr_line' id='line_1_15' title="bbox 274 2072 1011 2150; baseline 0.001 -16"><span class='ocrx_word' id='word_1_93' title='bbox 274 2073 437 2150; x_wconf 87' lang='lat' dir='ltr'>extemplo</span> <span class='ocrx_word' id='word_1_94' title='bbox 453 2072 587 2150; x_wconf 88' lang='lat' dir='ltr'>penitus</span> <span class='ocrx_word' id='word_1_95' title='bbox 601 2072 751 2150; x_wconf 80' lang='lat' dir='ltr'>frigescit</span> <span class='ocrx_word' id='word_1_96' title='bbox 767 2080 859 2136; x_wconf 89' lang='lat' dir='ltr'>terra</span> <span class='ocrx_word' id='word_1_97' title='bbox 873 2072 1011 2150; x_wconf 90' lang='lat' dir='ltr'>coitque.</span> 
     </span>
    </p>

    <p class='ocr_par' dir='ltr' id='par_1_5' title="bbox 232 2182 1251 2919">
     <span class='ocr_line' id='line_1_16' title="bbox 232 2182 1158 2261; baseline 0 -17"><span class='ocrx_word' id='word_1_98' title='bbox 232 2184 335 2245; x_wconf 90' lang='lat' dir='ltr'>-hao</span> <span class='ocrx_word' id='word_1_99' title='bbox 349 2182 477 2246; x_wconf 90' lang='lat' dir='ltr'>ratione</span> <span class='ocrx_word' id='word_1_100' title='bbox 491 2182 529 2245; x_wconf 92' lang='lat' dir='ltr'>fit</span> <span class='ocrx_word' id='word_1_101' title='bbox 543 2189 591 2259; x_wconf 88' lang='lat' dir='ltr'>ut,</span> <span class='ocrx_word' id='word_1_102' title='bbox 607 2190 776 2260; x_wconf 91' lang='lat' dir='ltr'>tamquam</span> <span class='ocrx_word' id='word_1_103' title='bbox 792 2202 977 2261; x_wconf 90' lang='lat' dir='ltr'>compressa</span> <span class='ocrx_word' id='word_1_104' title='bbox 989 2203 1091 2245; x_wconf 89' lang='lat' dir='ltr'>manu</span> <span class='ocrx_word' id='word_1_105' title='bbox 1105 2182 1158 2259; x_wconf 91' lang='lat' dir='ltr'>sit,</span> 
     </span>
     <span class='ocr_line' id='line_1_17' title="bbox 274 2291 1251 2370; baseline 0.002 -17"><span class='ocrx_word' id='word_1_106' title='bbox 274 2292 438 2370; x_wconf 85' lang='lat' dir='ltr'>exprimat</span> <span class='ocrx_word' id='word_1_107' title='bbox 453 2292 489 2353; x_wconf 94' lang='lat' dir='ltr'>in</span> <span class='ocrx_word' id='word_1_108' title='bbox 504 2292 631 2355; x_wconf 83' lang='lat' dir='ltr'>fontem</span> <span class='ocrx_word' id='word_1_109' title='bbox 647 2312 730 2370; x_wconf 85' lang='lat' dir='ltr'>quae</span> <span class='ocrx_word' id='word_1_110' title='bbox 745 2291 870 2355; x_wconf 88' lang='lat' dir='ltr'>semina</span> <span class='ocrx_word' id='word_1_111' title='bbox 887 2312 1025 2369; x_wconf 91' lang='lat' dir='ltr'>cumque</span> <span class='ocrx_word' id='word_1_112' title='bbox 1041 2293 1139 2355; x_wconf 89' lang='lat' dir='ltr'>habet</span> <span class='ocrx_word' id='word_1_113' title='bbox 1155 2291 1251 2370; x_wconf 86' lang='lat' dir='ltr'>ignia,</span> 
     </span>
     <span class='ocr_line' id='line_1_18' title="bbox 274 2402 1221 2480; baseline -0.002 -15"><span class='ocrx_word' id='word_1_114' title='bbox 274 2423 357 2480; x_wconf 91' lang='lat' dir='ltr'>quae</span> <span class='ocrx_word' id='word_1_115' title='bbox 372 2402 516 2465; x_wconf 90' lang='lat' dir='ltr'>calidum</span> <span class='ocrx_word' id='word_1_116' title='bbox 531 2402 662 2464; x_wconf 83' lang='lat' dir='ltr'>faciunt</span> <span class='ocrx_word' id='word_1_117' title='bbox 676 2402 784 2464; x_wconf 90' lang='lat' dir='ltr'>laticis</span> <span class='ocrx_word' id='word_1_118' title='bbox 799 2409 925 2465; x_wconf 91' lang='lat' dir='ltr'>tactum</span> <span class='ocrx_word' id='word_1_119' title='bbox 941 2408 1040 2480; x_wconf 89' lang='lat' dir='ltr'>atque</span> <span class='ocrx_word' id='word_1_120' title='bbox 1054 2422 1221 2480; x_wconf 89' lang='lat' dir='ltr'>uaporem.</span> 
     </span>
     <span class='ocr_line' id='line_1_19' title="bbox 273 2511 1064 2574; baseline 0.001 -1"><span class='ocrx_word' id='word_1_121' title='bbox 273 2512 350 2574; x_wconf 87' lang='lat' dir='ltr'>inde</span> <span class='ocrx_word' id='word_1_122' title='bbox 368 2513 425 2574; x_wconf 94' lang='lat' dir='ltr'>ubi</span> <span class='ocrx_word' id='word_1_123' title='bbox 443 2513 491 2574; x_wconf 91' lang='lat' dir='ltr'>sol</span> <span class='ocrx_word' id='word_1_124' title='bbox 508 2511 612 2574; x_wconf 90' lang='lat' dir='ltr'>radiis</span> <span class='ocrx_word' id='word_1_125' title='bbox 630 2519 754 2574; x_wconf 92' lang='lat' dir='ltr'>terram</span> <span class='ocrx_word' id='word_1_126' title='bbox 772 2511 912 2574; x_wconf 90' lang='lat' dir='ltr'>dimouit</span> <span class='ocrx_word' id='word_1_127' title='bbox 930 2513 1064 2574; x_wconf 88' lang='lat' dir='ltr'>obortus</span> 
     </span>
     <span class='ocr_line' id='line_1_20' title="bbox 274 2621 935 2700; baseline -0.002 -15"><span class='ocrx_word' id='word_1_128' title='bbox 274 2629 306 2685; x_wconf 89' lang='lat' dir='ltr'>et</span> <span class='ocrx_word' id='word_1_129' title='bbox 322 2621 488 2698; x_wconf 83' lang='lat' dir='ltr'>rarefecit‚</span> <span class='ocrx_word' id='word_1_130' title='bbox 506 2621 614 2684; x_wconf 89' lang='lat' dir='ltr'>calido</span> <span class='ocrx_word' id='word_1_131' title='bbox 629 2621 784 2684; x_wconf 90' lang='lat' dir='ltr'>miscente</span> <span class='ocrx_word' id='word_1_132' title='bbox 801 2641 935 2700; x_wconf 90' lang='lat' dir='ltr'>uapore,</span> 
     </span>
     <span class='ocr_line' id='line_1_21' title="bbox 273 2731 1072 2809; baseline 0 -16"><span class='ocrx_word' id='word_1_133' title='bbox 273 2752 389 2794; x_wconf 89' lang='lat' dir='ltr'>rursus</span> <span class='ocrx_word' id='word_1_134' title='bbox 405 2732 440 2792; x_wconf 91' lang='lat' dir='ltr'>in</span> <span class='ocrx_word' id='word_1_135' title='bbox 456 2732 611 2809; x_wconf 90' lang='lat' dir='ltr'>antiquas</span> <span class='ocrx_word' id='word_1_136' title='bbox 626 2732 767 2795; x_wconf 89' lang='lat' dir='ltr'>redeunt</span> <span class='ocrx_word' id='word_1_137' title='bbox 783 2731 965 2809; x_wconf 89' lang='lat' dir='ltr'>primordia</span> <span class='ocrx_word' id='word_1_138' title='bbox 980 2731 1072 2793; x_wconf 88' lang='lat' dir='ltr'>sedes</span> 
     </span>
     <span class='ocr_line' id='line_1_22' title="bbox 274 2840 1048 2919; baseline 0.001 -17"><span class='ocrx_word' id='word_1_139' title='bbox 274 2841 360 2919; x_wconf 89' lang='lat' dir='ltr'>ignis</span> <span class='ocrx_word' id='word_1_140' title='bbox 376 2849 408 2904; x_wconf 89' lang='lat' dir='ltr'>et</span> <span class='ocrx_word' id='word_1_141' title='bbox 423 2841 459 2903; x_wconf 92' lang='lat' dir='ltr'>in</span> <span class='ocrx_word' id='word_1_142' title='bbox 474 2849 598 2904; x_wconf 85' lang='lat' dir='ltr'>terram</span> <span class='ocrx_word' id='word_1_143' title='bbox 614 2841 701 2904; x_wconf 92' lang='lat' dir='ltr'>cedit</span> <span class='ocrx_word' id='word_1_144' title='bbox 716 2842 804 2904; x_wconf 90' lang='lat' dir='ltr'>calor</span> <span class='ocrx_word' id='word_1_145' title='bbox 820 2840 925 2904; x_wconf 90' lang='lat' dir='ltr'>omnis</span> <span class='ocrx_word' id='word_1_146' title='bbox 940 2841 1048 2918; x_wconf 90' lang='lat' dir='ltr'>aquai.</span> 
     </span>
    </p>

    <p class='ocr_par' dir='ltr' id='par_1_6' title="bbox 231 2950 1177 3469">
     <span class='ocr_line' id='line_1_23' title="bbox 231 2950 1091 3029; baseline -0.001 -16"><span class='ocrx_word' id='word_1_147' title='bbox 231 2951 421 3029; x_wconf 83' lang='lat' dir='ltr'>-frigidus</span> <span class='ocrx_word' id='word_1_148' title='bbox 436 2953 520 3014; x_wconf 90' lang='lat' dir='ltr'>hane</span> <span class='ocrx_word' id='word_1_149' title='bbox 536 2953 576 3014; x_wconf 93' lang='lat' dir='ltr'>ob</span> <span class='ocrx_word' id='word_1_150' title='bbox 592 2971 660 3012; x_wconf 93' lang='lat' dir='ltr'>rem</span> <span class='ocrx_word' id='word_1_151' title='bbox 670 2950 714 3013; x_wconf 87' lang='lat' dir='ltr'>&#39;fit</span> <span class='ocrx_word' id='word_1_152' title='bbox 730 2950 806 3013; x_wconf 85' lang='lat' dir='ltr'>fons</span> <span class='ocrx_word' id='word_1_153' title='bbox 821 2950 856 3012; x_wconf 91' lang='lat' dir='ltr'>in</span> <span class='ocrx_word' id='word_1_154' title='bbox 872 2951 943 3013; x_wconf 92' lang='lat' dir='ltr'>luce</span> <span class='ocrx_word' id='word_1_155' title='bbox 960 2950 1091 3013; x_wconf 89' lang='lat' dir='ltr'>diurna.</span> 
     </span>
     <span class='ocr_line' id='line_1_24' title="bbox 272 3060 939 3140; baseline -0.003 -17"><span class='ocrx_word' id='word_1_156' title='bbox 272 3069 446 3140; x_wconf 85' lang='lat' dir='ltr'>praeterea</span> <span class='ocrx_word' id='word_1_157' title='bbox 462 3061 540 3123; x_wconf 91' lang='lat' dir='ltr'>solis</span> <span class='ocrx_word' id='word_1_158' title='bbox 557 3061 661 3124; x_wconf 90' lang='lat' dir='ltr'>radiis</span> <span class='ocrx_word' id='word_1_159' title='bbox 678 3060 823 3123; x_wconf 90' lang='lat' dir='ltr'>iactatur</span> <span class='ocrx_word' id='word_1_160' title='bbox 841 3060 939 3138; x_wconf 84' lang='lat' dir='ltr'>aquai</span> 
     </span>
     <span class='ocr_line' id='line_1_25' title="bbox 273 3170 1088 3246; baseline -0.002 -12"><span class='ocrx_word' id='word_1_161' title='bbox 273 3192 368 3234; x_wconf 89' lang='lat' dir='ltr'>umor</span> <span class='ocrx_word' id='word_1_162' title='bbox 385 3179 417 3234; x_wconf 88' lang='lat' dir='ltr'>et</span> <span class='ocrx_word' id='word_1_163' title='bbox 434 3171 469 3232; x_wconf 92' lang='lat' dir='ltr'>in</span> <span class='ocrx_word' id='word_1_164' title='bbox 486 3172 591 3233; x_wconf 90' lang='lat' dir='ltr'>lucem</span> <span class='ocrx_word' id='word_1_165' title='bbox 607 3171 750 3233; x_wconf 91' lang='lat' dir='ltr'>tremulo</span> <span class='ocrx_word' id='word_1_166' title='bbox 762 3170 903 3241; x_wconf 61' lang='lat' dir='ltr'>‚rarescit</span> <span class='ocrx_word' id='word_1_167' title='bbox 920 3171 960 3233; x_wconf 92' lang='lat' dir='ltr'>ab</span> <span class='ocrx_word' id='word_1_168' title='bbox 979 3177 1088 3246; x_wconf 83' lang='lat' dir='ltr'>aestu3</span> 
     </span>
     <span class='ocr_line' id='line_1_26' title="bbox 274 3279 1176 3360; baseline -0.002 -17"><span class='ocrx_word' id='word_1_169' title='bbox 274 3289 451 3360; x_wconf 89' lang='lat' dir='ltr'>propterea</span> <span class='ocrx_word' id='word_1_170' title='bbox 464 3281 503 3344; x_wconf 91' lang='lat' dir='ltr'>fit</span> <span class='ocrx_word' id='word_1_171' title='bbox 518 3281 569 3343; x_wconf 91' lang='lat' dir='ltr'>uti</span> <span class='ocrx_word' id='word_1_172' title='bbox 584 3301 667 3358; x_wconf 90' lang='lat' dir='ltr'>quae</span> <span class='ocrx_word' id='word_1_173' title='bbox 683 3279 807 3343; x_wconf 90' lang='lat' dir='ltr'>semina</span> <span class='ocrx_word' id='word_1_174' title='bbox 822 3300 960 3357; x_wconf 89' lang='lat' dir='ltr'>cumque</span> <span class='ocrx_word' id='word_1_175' title='bbox 975 3280 1074 3342; x_wconf 91' lang='lat' dir='ltr'>habet</span> <span class='ocrx_word' id='word_1_176' title='bbox 1089 3279 1176 3357; x_wconf 88' lang='lat' dir='ltr'>ignis</span> 
     </span>
     <span class='ocr_line' id='line_1_27' title="bbox 274 3389 1177 3469; baseline -0.002 -16"><span class='ocrx_word' id='word_1_177' title='bbox 274 3391 439 3467; x_wconf 89' lang='lat' dir='ltr'>dimittat;</span> <span class='ocrx_word' id='word_1_178' title='bbox 456 3391 551 3469; x_wconf 92' lang='lat' dir='ltr'>quasi</span> <span class='ocrx_word' id='word_1_179' title='bbox 567 3410 663 3467; x_wconf 91' lang='lat' dir='ltr'>saepe</span> <span class='ocrx_word' id='word_1_180' title='bbox 681 3390 799 3468; x_wconf 86' lang='lat' dir='ltr'>gelum,</span> <span class='ocrx_word' id='word_1_181' title='bbox 816 3390 904 3467; x_wconf 92' lang='lat' dir='ltr'>quod</span> <span class='ocrx_word' id='word_1_182' title='bbox 921 3389 1067 3452; x_wconf 89' lang='lat' dir='ltr'>continet</span> <span class='ocrx_word' id='word_1_183' title='bbox 1083 3389 1119 3450; x_wconf 93' lang='lat' dir='ltr'>in</span> <span class='ocrx_word' id='word_1_184' title='bbox 1135 3409 1177 3466; x_wconf 89' lang='lat' dir='ltr'>se,</span> 
     </span>
    </p>
   </div>
   <div class='ocr_carea' id='block_1_3' title="bbox 273 3499 1061 3670">
    <p class='ocr_par' dir='ltr' id='par_1_7' title="bbox 273 3499 1061 3670">
     <span class='ocr_line' id='line_1_28' title="bbox 273 3499 1059 3577; baseline -0.001 -14"><span class='ocrx_word' id='word_1_185' title='bbox 273 3500 378 3563; x_wconf 89' lang='lat' dir='ltr'>mittit</span> <span class='ocrx_word' id='word_1_186' title='bbox 394 3509 426 3563; x_wconf 87' lang='lat' dir='ltr'>et</span> <span class='ocrx_word' id='word_1_187' title='bbox 444 3501 568 3564; x_wconf 89' lang='lat' dir='ltr'>exoluit</span> <span class='ocrx_word' id='word_1_188' title='bbox 586 3499 723 3577; x_wconf 81' lang='lat' dir='ltr'>glaciem</span> <span class='ocrx_word' id='word_1_189' title='bbox 739 3500 905 3577; x_wconf 91' lang='lat' dir='ltr'>nodosque</span> <span class='ocrx_word' id='word_1_190' title='bbox 922 3499 1059 3563; x_wconf 86' lang='lat' dir='ltr'>relaxat.</span> 
     </span>
     <span class='ocr_line' id='line_1_29' title="bbox 543 3605 1061 3670; baseline 0 -15"><span class='ocrx_word' id='word_1_191' title='bbox 543 3607 587 3656; x_wconf 92' lang='lat' dir='ltr'>IN</span> <span class='ocrx_word' id='word_1_192' title='bbox 605 3606 709 3670; x_wconf 83' lang='lat' dir='ltr'><strong>AQVA</strong></span> <span class='ocrx_word' id='word_1_193' title='bbox 728 3605 890 3655; x_wconf 77' lang='lat' dir='ltr'>TAEDAM</span> <span class='ocrx_word' id='word_1_194' title='bbox 907 3605 1061 3655; x_wconf 79' lang='lat' dir='ltr'><strong>ARDERE</strong></span> 
     </span>
    </p>
   </div>
   <div class='ocr_carea' id='block_1_4' title="bbox 336 3694 1200 3774">
    <p class='ocr_par' dir='ltr' id='par_1_8' title="bbox 336 3694 1200 3774">
     <span class='ocr_line' id='line_1_30' title="bbox 336 3694 1200 3774; baseline -0.002 -17"><span class='ocrx_word' id='word_1_195' title='bbox 336 3696 495 3774; x_wconf 80' lang='lat' dir='ltr'>Frigidus</span> <span class='ocrx_word' id='word_1_196' title='bbox 511 3701 559 3758; x_wconf 88' lang='lat' dir='ltr'>est</span> <span class='ocrx_word' id='word_1_197' title='bbox 576 3695 675 3757; x_wconf 90' lang='lat' dir='ltr'>etiam</span> <span class='ocrx_word' id='word_1_198' title='bbox 691 3694 776 3771; x_wconf 84' lang='lat' dir='ltr'>fons,</span> <span class='ocrx_word' id='word_1_199' title='bbox 793 3714 895 3772; x_wconf 89' lang='lat' dir='ltr'>supra</span> <span class='ocrx_word' id='word_1_200' title='bbox 912 3714 1008 3771; x_wconf 89' lang='lat' dir='ltr'>quem</span> <span class='ocrx_word' id='word_1_201' title='bbox 1024 3694 1089 3757; x_wconf 90' lang='lat' dir='ltr'>sita</span> <span class='ocrx_word' id='word_1_202' title='bbox 1104 3702 1200 3772; x_wconf 85' lang='lat' dir='ltr'>saepe</span> 
     </span>
    </p>
   </div>
   <div class='ocr_carea' id='block_1_5' title="bbox 283 3826 1131 4028">
    <p class='ocr_par' dir='ltr' id='par_1_9' title="bbox 283 3826 1131 4028">
     <span class='ocr_line' id='line_1_31' title="bbox 283 3826 699 3889; baseline -0.005 -12"><span class='ocrx_word' id='word_1_203' title='bbox 283 3829 334 3877; x_wconf 88' lang='lat'>858</span> <span class='ocrx_word' id='word_1_204' title='bbox 345 3829 453 3878; x_wconf 82' lang='lat' dir='ltr'>coclara</span> <span class='ocrx_word' id='word_1_205' title='bbox 487 3828 554 3889; x_wconf 71' lang='lat' dir='ltr'>fort.</span> <span class='ocrx_word' id='word_1_206' title='bbox 570 3826 699 3877; x_wconf 83' lang='lat' dir='ltr'>foculare</span> 
     </span>
     <span class='ocr_line' id='line_1_32' title="bbox 283 3894 1131 3959; baseline -0.001 -14"><span class='ocrx_word' id='word_1_207' title='bbox 283 3898 334 3945; x_wconf 83' lang='lat'>864</span> <span class='ocrx_word' id='word_1_208' title='bbox 344 3897 428 3945; x_wconf 92' lang='lat' dir='ltr'>undis</span> <span class='ocrx_word' id='word_1_209' title='bbox 460 3897 511 3944; x_wconf 84' lang='lat'>865</span> <span class='ocrx_word' id='word_1_210' title='bbox 522 3896 632 3945; x_wconf 86' lang='lat' dir='ltr'>sonitus</span> <span class='ocrx_word' id='word_1_211' title='bbox 665 3896 732 3955; x_wconf 71' lang='lat' dir='ltr'>sort.</span> <span class='ocrx_word' id='word_1_212' title='bbox 749 3894 832 3943; x_wconf 87' lang='lat' dir='ltr'>undis</span> <span class='ocrx_word' id='word_1_213' title='bbox 848 3894 973 3944; x_wconf 87' lang='lat' dir='ltr'>aetheris</span> <span class='ocrx_word' id='word_1_214' title='bbox 990 3894 1131 3959; x_wconf 82' lang='lat' dir='ltr'>extemplo</span> 
     </span>
     <span class='ocr_line' id='line_1_33' title="bbox 284 3962 565 4028; baseline -0.011 -14"><span class='ocrx_word' id='word_1_215' title='bbox 284 3965 335 4014; x_wconf 85' lang='grc'>870</span> <span class='ocrx_word' id='word_1_216' title='bbox 346 3964 417 4024; x_wconf 78' lang='lat' dir='ltr'>vulp.</span> <span class='ocrx_word' id='word_1_217' title='bbox 434 3962 565 4028; x_wconf 83' lang='lat' dir='ltr'>gliscente</span> 
     </span>
    </p>
   </div>
   <div class='ocr_carea' id='block_1_6' title="bbox 0 0 1622 4686">
    <p class='ocr_par' dir='ltr' id='par_1_10' title="bbox 0 0 1622 4686">
     <span class='ocr_line' id='line_1_34' title="bbox 0 0 1622 4686; baseline 0 0"><span class='ocrx_word' id='word_1_218' title='bbox 0 0 1622 4686; x_wconf 95' lang='lat' dir='ltr'> </span> 
     </span>
    </p>
   </div>
  </div>
 </body>
</html>
