3234 4686
577 483 608 532 Τ.
629 482 792 534 susurri
811 481 900 533 CARI

203 718 342 775 corpora
359 718 443 775 quae
461 697 592 761 faciunt
609 698 706 760 nubis
724 697 915 775 nimbosque
932 695 1094 773 uolantis3

203 808 476 871 innumerabilem
491 807 578 869 enim
592 827 766 870 numerum
781 826 1004 883 summamque
1019 804 1181 884 profundi

203 938 270 981 esse
287 917 453 981 infinitam
469 917 577 994 docui,
595 924 784 995 quantaque
801 918 953 979 uolarent

203 1047 341 1104 corpora
358 1027 540 1090 mobilitate
557 1027 686 1090 ostendi
703 1047 865 1104 quamque
882 1032 1018 1103 repente

203 1136 447 1201 inmemorabile
472 1147 605 1216 <per>
629 1136 774 1215 spatium
793 1136 936 1199 transire
955 1137 1106 1199 solerent.

159 1248 285 1309 —haut
301 1246 405 1324 igitur
421 1246 574 1310 mirumst
589 1247 617 1309 si
633 1267 740 1324 paruo
754 1253 900 1323 tempore
916 1266 1012 1323 saepe

202 1363 270 1419 tam
287 1357 415 1435 magnis
432 1356 552 1420 nimbis
568 1363 746 1434 tempestas
761 1363 860 1433 atque
877 1357 1031 1419 tenebrae

202 1466 372 1544 coperiant
390 1467 495 1529 maria
514 1487 551 1529 ac
568 1473 675 1529 terras
693 1465 832 1544 inpensa
850 1485 1001 1543 superne,

201 1575 349 1653 undique
366 1576 632 1654 quandoquidem
650 1597 709 1654 per
726 1576 837 1638 caulas
854 1575 996 1638 aetheris
1012 1574 1117 1638 omnis

549 1682 763 1733 SPIRACVLA
784 1682 913 1731 MVNDI

202 1781 234 1837 11
250 1774 345 1851 quasi
361 1795 421 1852 per
437 1774 549 1852 magni
566 1774 690 1837 circum
707 1773 874 1851 spiracula
889 1772 1006 1836 mundi

202 1884 309 1946 exitus
326 1883 548 1961 introitusque
565 1883 734 1946 elementis
751 1883 902 1945 redditus
919 1889 1019 1946 extat.

602 2078 652 2127 DE
671 2076 859 2126 IMBRIBVS

263 2167 360 2230 Nunc
376 2187 446 2244 age,
463 2186 528 2244 quo
543 2174 641 2244 pacto
656 2166 792 2245 pluuius
808 2173 994 2229 concrescat
1009 2166 1044 2227 in
1061 2166 1138 2229 altis

201 2277 344 2339 nubibus
359 2297 454 2339 umor
470 2284 502 2339 et
519 2276 554 2337 in
570 2283 677 2339 terras
693 2276 852 2339 demissus
867 2281 907 2339 ut
923 2275 1027 2338 imber

200 2386 341 2462 decidat,
358 2387 540 2464 expediam.
577 2386 765 2464 -primum
780 2386 847 2449 iam
862 2385 987 2449 semina
1003 2384 1101 2462 aquai

199 2498 306 2560 multa
321 2496 419 2560 simul
434 2496 567 2559 uincam
583 2516 778 2574 consurgere
795 2495 939 2558 nubibus
955 2493 1036 2572 ipsis

199 2606 350 2669 omnibus
366 2628 405 2670 ex
421 2607 520 2669 rebus
534 2606 726 2684 pariterque
742 2605 790 2668 ita
807 2626 949 2667 crescere
965 2611 1145 2681 utrumque

199 2722 231 2777 11
246 2715 344 2778 nubis
359 2723 391 2779 et
408 2736 526 2792 aquam
542 2735 764 2792 quaecumque
780 2714 815 2775 in
831 2714 974 2777 nubibus
989 2720 1090 2789 extat,

198 2832 236 2887 ut
252 2825 381 2903 pariter
396 2825 489 2888 nobis
506 2845 625 2903 corpus
642 2847 715 2888 cum
732 2824 892 2901 sanguine
909 2824 1035 2899 crescit,

198 2935 299 2997 sudor
316 2934 394 2996 item
411 2941 510 3011 atque
526 2955 621 2998 umor
637 2934 833 3012 quicumque
851 2940 899 2996 est
916 2932 1057 3010 denique
1074 2933 1237 2997 membris.

198 3043 390 3122 concipiunt
408 3045 507 3107 etiam
526 3045 666 3108 multum
686 3064 814 3121 quoque
833 3063 929 3121 saepe
947 3043 1112 3107 marinum

196 3173 354 3229 umorem,
372 3153 478 3215 ueluti
496 3153 676 3231 pendentia
694 3152 818 3214 uellera
836 3152 941 3229 lanae,

197 3284 271 3326 cum
288 3282 409 3340 supera
425 3283 582 3339 magnum
597 3283 687 3325 mare
703 3262 797 3325 uenti
813 3262 928 3325 nubila
945 3268 1091 3339 portant.

197 3371 359 3435 consimili
375 3372 502 3434 ratione
519 3394 559 3434 ex
575 3372 725 3434 omnibus
742 3372 893 3435 amnibus
909 3392 1004 3434 umor

196 3483 327 3545 tollitur
345 3480 379 3542 in
395 3482 508 3544 nubes.
547 3502 612 3558 quo
628 3502 701 3543 cum
717 3482 798 3545 bene
815 3481 939 3544 semina
955 3502 1117 3558 aquarum

196 3593 301 3654 multa
317 3591 422 3653 modis
437 3591 551 3653 multis
566 3611 747 3653 conuenere
762 3591 910 3668 undique
926 3592 1077 3667 adaucta,

196 3701 365 3764 confertae
382 3701 486 3763 nubes
506 3700 658 3771 <imbris
674 3700 751 3771 de>
772 3701 903 3763 mittere
920 3707 1048 3764 certant

195 3809 393 3888 dupliciter;
414 3809 507 3885 (nam
522 3809 574 3872 uis
588 3809 682 3871 uenti
697 3810 868 3873 contrudit
884 3817 915 3874 et
931 3810 1002 3888 ipsa
1037 3791 1040 3799 ⁴

194 3920 289 3998 copia
305 3919 491 3982 nimborum
507 3920 608 3981 turba
622 3918 744 3982 maiore
760 3926 872 3983 coacta

204 4051 373 4102 momentis
407 4051 474 4112 fort.
491 4050 625 4100 monstris
