3234 4686
560 441 589 489 Τ.
611 440 773 490 LVCRETI
793 439 881 489 canl

186 655 305 717 unicus
321 655 356 717 in
372 656 472 718 terris
487 655 635 734 Aegypti
650 655 754 718 totius
770 654 885 718 amnis.

187 765 215 826 is
230 766 319 842 rigat
334 767 527 844 Aegyptum
541 765 686 828 medium
702 787 761 843 per
777 785 873 843 saepe
890 766 1039 840 calorem,

187 882 246 937 out
261 875 340 952 quia
352 882 432 938 sunt
447 882 570 939 aestate
587 876 755 953 aquilones
772 876 855 939 ostia
870 882 994 952 eontra,

187 985 267 1047 anni
283 992 430 1063 tempore
447 1005 485 1048 eo
501 985 558 1062 qui
576 985 694 1049 etesiae
712 1006 779 1049 esse
795 985 963 1061 feruntur,

188 1102 220 1157 et
235 1102 349 1157 eontra
364 1095 504 1157 fluuium
519 1095 636 1158 flantes
650 1102 859 1158 remorantur
874 1101 907 1158 et
920 1095 1027 1157 undas

188 1211 338 1282 cogentes
353 1225 467 1267 sursus
483 1206 613 1283 replent
629 1212 814 1282 coguntque
830 1225 971 1267 manere.

145 1336 265 1376 —nam
280 1314 382 1376 dubio
397 1315 513 1392 prooul
528 1316 607 1377 haee
624 1316 764 1378 aduerso
778 1314 883 1377 flabra
898 1314 1057 1377 feruntur

188 1424 332 1500 flumine,
349 1445 432 1501 quae
448 1424 565 1502 gelidis
582 1426 621 1487 ab
638 1424 741 1486 stellis
757 1423 827 1487 axis
843 1431 999 1501 aguntur.

188 1534 243 1597 ille
259 1555 299 1597 ex
315 1533 471 1597 aestifera
487 1534 577 1611 parti
592 1534 685 1597 uenit
702 1534 807 1596 amnis
823 1535 863 1597 ab
881 1541 1002 1610 austro,

188 1644 276 1706 inter
292 1643 390 1721 nigra
406 1644 518 1706 uirum
534 1650 685 1721 peroooto
701 1644 808 1706 saecla
824 1644 929 1706 oolore

188 1754 338 1817 exoriens
354 1754 487 1831 penitus
503 1753 610 1817 media
627 1755 667 1816 ab
684 1753 816 1831 regione
834 1753 909 1816 diei.

190 1871 236 1926 est
252 1884 380 1940 quoque
395 1863 447 1926 uti
462 1864 565 1941 possit
580 1884 719 1941 magnus
735 1871 908 1941 congestus
922 1866 1064 1927 harenae

189 1974 344 2036 fluetibus
360 1973 508 2036 aduersis
525 1973 674 2052 oppilare
691 1974 774 2037 ostia
790 1981 915 2051 eontra,

190 2104 262 2146 oum
278 2104 368 2146 mare
385 2091 570 2161 permotum
585 2084 695 2146 uentis
710 2084 780 2146 ruit
796 2084 888 2147 intus
903 2087 1078 2161 harenam;

190 2213 254 2270 quo
268 2193 306 2255 fit
321 2193 373 2255 uti
389 2200 486 2271 paeto
500 2192 584 2256 liber
599 2194 709 2256 minus
725 2193 833 2257 exitus
848 2195 953 2257 amnis

190 2309 221 2363 et
238 2303 395 2381 proeliuis
411 2303 489 2365 item
505 2302 564 2365 fiat
580 2304 690 2366 minus
706 2303 849 2381 impetus
864 2305 973 2366 undis.

189 2412 233 2489 sit
249 2433 378 2490 quoque
393 2413 445 2475 uti
461 2414 596 2490 pluuiae
613 2413 727 2476 forsan
743 2413 849 2491 magis
865 2415 907 2477 ad
924 2421 1025 2492 eaput
1042 2413 1071 2478 ei

189 2528 335 2600 tempore
351 2543 388 2586 eo
402 2523 494 2599 fiant,
510 2543 576 2600 quo
590 2523 691 2586 etesia
706 2524 811 2586 flabra
826 2524 1017 2600 aquilonum

189 2632 305 2695 nubila
320 2633 487 2695 coniciunt
502 2632 537 2694 in
554 2654 607 2697 eas
622 2640 703 2695 tuno
719 2633 828 2696 omnia
843 2634 958 2710 partis.

149 2742 313 2804 ——soilioet
329 2743 372 2804 ad
387 2743 529 2805 mediam
545 2743 709 2820 regionem
727 2743 829 2807 eieota
846 2743 912 2804 diei

191 2872 263 2914 oum
279 2859 515 2928 conuenerunt,
531 2852 577 2914 ibi
593 2854 635 2916 ad
651 2854 736 2915 altos
750 2852 891 2929 denique
907 2852 1029 2915 montis

191 2969 368 3024 contrusae
379 2964 481 3024 nubes
498 2969 662 3039 eoguntur
678 2961 778 3039 uique
796 2969 1003 3039 premuntur.

190 3072 332 3148 forsitan
349 3072 551 3149 Aethiopum
567 3072 700 3149 penitus
716 3073 756 3134 de
772 3072 939 3134 montibus
956 3071 1032 3134 altis

191 3189 322 3257 arescat,
341 3181 398 3244 ubi
416 3182 451 3242 in
469 3202 601 3259 campos
618 3182 709 3244 albas
727 3182 921 3243 descendere
940 3182 1079 3259 ningues

190 3290 330 3354 tabificis
347 3291 470 3369 subigit
486 3291 590 3353 radiis
606 3293 653 3353 sol
670 3291 779 3367 omnia
794 3292 950 3354 lustrans.

550 3567 600 3618 DE
619 3567 719 3618 Lon
738 3567 887 3618 AVERNI

253 3656 349 3719 Nune
365 3676 433 3733 age,
450 3657 587 3719 Auerna
602 3656 664 3719 tibi
680 3677 763 3734 quae
779 3656 846 3719 sint
861 3657 932 3719 loea
948 3677 1085 3734 eumque
1101 3658 1255 3733 lacusque

191 3765 371 3843 expediam,
391 3766 482 3842 quali
499 3772 621 3829 natura
639 3765 792 3844 praedita
810 3773 968 3829 constent.

190 3876 366 3953 principio,
384 3877 471 3952 quod
487 3876 624 3938 Auerna
640 3881 804 3938 uooantur
819 3876 958 3952 nomine,
977 3876 1010 3938 id
1029 3877 1069 3939 ab
1085 3896 1120 3937 re
1293 3875 1343 3924 740

191 3985 412 4064 inpositumst‚
430 3984 508 4062 quia
524 3992 602 4048 sunt
619 3984 737 4047 auibus
753 3985 920 4048 contraria
936 3985 1072 4063 eunetis,

203 4117 336 4179 727outp.
351 4115 426 4167 amni
487 4155 490 4163 f

686 4211 759 4262 [239]
