3234 4686
559 470 588 517 T.
610 469 772 519 LVCRETI
792 468 880 519 cARl

185 684 289 747 terrai
303 705 344 748 ne
359 684 518 747 dissoluat
533 691 656 747 natura
670 691 815 761 repente,

186 813 251 856 neu
267 793 427 856 distracta
443 813 539 856 suum
555 794 621 856 late
636 793 817 870 dispandat
832 793 961 855 hiatum

187 904 293 980 adque
310 903 378 965 suis
394 903 533 966 confusa
549 903 632 965 uelit
648 903 889 980 eomple<re>
910 901 1027 964 ruinis.

187 1012 327 1090 proinde
345 1013 421 1075 lieet
438 1012 590 1089 quamuis
607 1013 733 1075 eaelum
750 1018 938 1088 terramque
955 1018 1094 1074 reantur

187 1123 382 1200 incorrupta
398 1121 471 1185 fore
488 1130 641 1185 aeternae
657 1123 815 1184 mandata
831 1121 949 1196 saluti;

188 1239 220 1295 et
236 1239 348 1295 tamen
364 1231 532 1295 interdum
549 1251 703 1309 praesens
718 1231 771 1294 uis
787 1231 861 1308 ipsa
876 1230 992 1308 periali

188 1341 300 1404 subdit
315 1350 347 1405 et
361 1343 450 1404 hune
463 1341 634 1403 stimulum
649 1341 792 1417 quadam
808 1340 848 1402 de
864 1347 960 1418 parte
973 1339 1111 1416 timoris,

188 1471 228 1513 ne
245 1451 384 1529 pedibus
399 1451 523 1529 raptim
538 1450 637 1513 tellus
652 1451 823 1513 subtracta
838 1449 970 1512 feratur

188 1561 223 1621 in
240 1562 436 1624 barathrum
453 1580 628 1637 rerumque
646 1566 804 1636 sequatur
822 1559 956 1636 prodita
972 1579 1100 1622 summa

189 1670 344 1733 funditus
359 1678 391 1733 et
407 1670 465 1733 fiat
480 1669 597 1731 mundi
612 1669 751 1731 confusa
767 1668 875 1731 ruina.

413 1943 541 2008 QVARE
561 1944 670 1993 Manu
691 1944 813 1994 MAIVS
833 1944 914 1994 NON
933 1944 1023 1994 FIAT

254 2030 446 2116 tiPrineipio
463 2053 554 2096 mare
572 2034 738 2096 mirantur
756 2053 823 2095 non
841 2035 979 2097 reddere
997 2034 1104 2096 maius

188 2150 353 2218 naturam,
370 2162 436 2218 quo
449 2142 493 2205 sit
507 2149 623 2206 tantus
637 2143 797 2206 decursus
811 2164 983 2220 aquarum,

188 2252 298 2315 omnia
314 2272 379 2328 quo
394 2253 532 2315 ueniant
548 2272 588 2314 ex
604 2253 692 2314 omni
708 2252 846 2316 flumina
862 2259 968 2330 parte.

189 2361 273 2425 adde
289 2381 391 2439 uagos
408 2362 523 2424 imbris
539 2369 814 2440 tempestatesque
831 2363 990 2439 uolentes,

189 2472 298 2535 omnia
313 2491 396 2548 quae
410 2472 515 2534 maria
531 2493 569 2535 ae
584 2479 690 2534 terras
704 2479 933 2550 spargrmtque
948 2472 1142 2551 rigantque3

190 2581 273 2644 adde
290 2600 365 2643 suos
381 2580 508 2655 fontem
524 2589 634 2645 tamen
652 2582 693 2644 ad
711 2582 812 2645 meris
829 2582 938 2645 omnia
954 2602 1113 2646 summam

190 2690 298 2767 guttai
314 2690 373 2752 uix
387 2690 494 2754 instar
509 2699 608 2753 erunt
624 2691 724 2754 unius
740 2691 943 2769 adaugmen3

150 2820 255 2876 —quo
268 2800 378 2862 minus
392 2807 440 2863 est
455 2800 576 2862 mirum
591 2820 681 2864 mare
696 2821 763 2863 non
777 2821 951 2878 augescere
965 2822 1132 2879 magnum.

151 2917 361 2985 —praeterea
375 2930 528 2987 magnam
544 2911 592 2972 sol
607 2918 736 2988 partem
752 2910 898 2974 detrahit
914 2917 1017 2974 aestu.

190 3018 313 3096 quippe
329 3018 481 3082 uidemus
497 3020 584 3082 enim
599 3020 702 3083 uestis
717 3041 830 3083 umore
846 3020 1010 3084 madentis

191 3128 352 3191 exsiccare
369 3128 437 3191 suis
455 3129 559 3191 radiis
578 3129 769 3192 ardentibu'
786 3130 902 3192 solem:

190 3243 225 3299 at
240 3238 354 3315 pelage
369 3238 474 3301 multa
488 3246 520 3301 et
535 3240 601 3301 late
617 3240 785 3302 substrata
798 3239 959 3302 uidemus.

191 3346 329 3424 proinde
345 3347 421 3410 lieet
437 3348 589 3424 quamuis
605 3370 645 3412 ex
660 3369 728 3411 uno
743 3369 872 3426 quoque
887 3350 958 3412 loeo
974 3351 1021 3412 sol

190 3456 314 3518 umoris
331 3477 471 3534 paruam
487 3457 609 3521 delibet
627 3459 668 3522 ab
686 3479 826 3536 aequore
844 3466 990 3537 partem;

190 3567 328 3644 largiter
345 3566 380 3627 in
396 3572 492 3629 tanto
509 3567 618 3645 spatio
634 3575 744 3631 tamen
761 3568 892 3632 auferet
909 3569 1018 3632 undis.

191 3679 260 3739 tum
277 3696 379 3755 porro
392 3676 486 3739 uenti
502 3697 631 3754 quoque
645 3698 799 3755 magnam
813 3679 929 3743 tollere
945 3687 1074 3756 partem

189 3786 313 3850 umoris
327 3793 475 3865 possunt,
490 3794 662 3850 uerrentes
676 3807 818 3864 aequora
832 3788 935 3864 uenti,

189 3917 256 3960 una
271 3903 367 3960 noete
382 3895 456 3958 uias
471 3894 626 3973 quoniam
643 3916 799 3974 persaepe
815 3897 967 3960 uidemus

200 4028 251 4077 604
261 4028 380 4078 subdita
413 4027 481 4088 fort.
498 4027 664 4090 suppeditat
680 4027 826 4078 stimulum

200 4096 251 4146 605
261 4096 429 4146 substructa
461 4094 529 4156 sort.
544 4094 679 4145 subducta

200 4164 251 4212 624
259 4163 334 4224 vulp.
350 4162 446 4214 ventis

685 4230 758 4281 [235]
