3190 4682
563 451 593 500 T.
613 449 775 501 LVGRETI
793 449 882 501 ona]

134 662 249 728 —sed
263 653 458 742 plerumque
471 665 509 728 fit
523 665 559 726 in
573 685 700 728 summo
714 665 807 742 quasi
822 685 958 743 corpore
972 664 1048 727 finis

186 774 351 837 motibus:
367 775 452 837 hanc
469 777 508 838 ob
524 795 594 837 rem
609 775 714 838 uitam
730 774 873 838 retinere
888 776 1063 851 ualemus.)

256 884 353 946 Nunc
370 904 407 946 ea
424 904 490 961 quo
506 891 604 962 pacto
620 884 708 948 inter
725 905 793 948 sese
808 884 913 948 mixta
930 885 1113 962 quibusque

189 1000 324 1070 compta
338 993 445 1056 modis
459 993 595 1072 uigeant
611 993 773 1063 rationem
788 994 925 1056 reddere
942 1002 1094 1058 auentem

189 1102 357 1166 abstrahit
373 1103 518 1166 inuitum
534 1104 637 1182 patrii
653 1104 811 1167 sermonis
827 1110 970 1181 egestas3

188 1212 250 1274 sed
266 1217 376 1280 tamen
391 1220 430 1275 ut
446 1219 562 1291 potero
576 1213 765 1277 summatim
781 1213 945 1292 attingere
961 1222 1106 1292 tangam.

376 1317 609 1370 CONIUNCTIO
635 1320 754 1370 ANIMI
780 1320 828 1370 ΕΤ
854 1319 1071 1370 ANIMARVM
1135 1364 1138 1371 .

187 1407 281 1470 11101
298 1407 384 1471 enim
401 1415 537 1471 cursant
554 1408 738 1486 primordia
755 1409 996 1487 principiorum

188 1517 337 1579 motibus
350 1517 439 1580 inter
454 1538 497 1594 se,
512 1518 597 1579 nihil
613 1526 651 1581 ut
668 1518 829 1581 secernier
844 1540 948 1581 unum

189 1625 297 1704 possit
311 1647 370 1689 nec
384 1626 494 1705 spatio
506 1627 578 1689 fieri
593 1627 702 1691 diuisa
718 1635 872 1705 potestas,

189 1736 250 1798 sed
265 1736 359 1812 quasi
372 1737 496 1800 multae
510 1737 562 1800 uis
576 1737 676 1800 unius
691 1737 837 1816 corporis
853 1745 977 1801 extant.

138 1847 282 1923 -quod
298 1866 402 1924 genus
416 1846 452 1907 in
468 1848 586 1924 quouis
602 1847 809 1911 animantum
825 1847 950 1911 uiscere
965 1849 1064 1926 uolgo

190 1962 242 2018 est
257 1956 337 2018 odor
353 1956 536 2034 etquidem
552 1958 640 2020 calor
656 1964 688 2020 01
704 1953 811 2035 sapor,
828 1964 861 2020 01
876 1964 986 2019 tamen
1003 1977 1042 2020 ex
1056 1957 1107 2020 his

176 2065 343 2149 'omnibus
360 2072 408 2129 est
423 2087 527 2128 unum
543 2066 729 2144 perfectum
744 2067 891 2145 corporis
907 2088 1065 2144 augmen;

190 2175 239 2238 sic
255 2176 344 2238 calor
360 2183 458 2253 atque
475 2196 531 2238 101
548 2182 579 2238 01
594 2176 687 2239 uenti
703 2197 798 2240 caeca
814 2184 959 2255 potestas

189 2285 298 2348 mixta
313 2293 427 2348 creant
442 2307 544 2348 unam
558 2293 714 2348 naturam
730 2293 762 2350 01
776 2287 905 2349 mobilis
921 2287 979 2350 illa

189 2395 255 2472 uis,
272 2395 393 2458 initum
408 2403 517 2457 motus
533 2397 573 2458 ab
589 2417 621 2459 10
637 2416 720 2472 quae
737 2396 860 2459 diuidit
877 2396 959 2472 ollis,

190 2505 333 2568 sensifer
349 2507 439 2569 unde
456 2505 563 2567 oritur
581 2505 725 2583 primum
741 2526 801 2583 per
817 2506 945 2569 uiscera
961 2512 1078 2569 motus.

191 2635 271 2677 uam
287 2615 421 2692 penitus
438 2635 591 2693 prorsum
607 2616 688 2677 latet
705 2616 785 2678 haec
801 2623 924 2678 natura
940 2617 1114 2693 subestque

190 2744 253 2787 nec
266 2724 370 2801 magis
384 2725 445 2787 hac
458 2724 552 2787 infra
565 2725 741 2802 quicquam
756 2732 804 2788 011
819 2725 854 2786 11
869 2745 1004 2802 corpore
1020 2731 1133 2788 nostro

192 2839 293 2910 atque
307 2834 417 2897 anima
432 2841 480 2896 est
495 2834 623 2897 animae
638 2855 802 2912 proporro
814 2834 916 2897 totius
930 2835 1013 2912 ipsa.

142 2943 283 3020 -quod
299 2959 402 3021 genus
417 2943 452 3004 in
468 2944 590 3006 nostris
605 2945 758 3007 membris
775 2951 807 3006 et
823 2964 959 3022 corpore
974 2951 1044 3007 1010

191 3051 299 3115 mixta
314 3053 421 3115 latens
436 3052 538 3116 animi
555 3053 607 3115 uis
624 3061 671 3116 011
689 3053 881 3131 animaeque
898 3060 1052 3131 potestas,

193 3161 388 3239 corporibus
404 3162 482 3238 quia
499 3164 539 3226 de
555 3163 670 3240 paruis
688 3162 866 3241 paucisque
884 3170 1034 3226 creatast.

192 3271 241 3334 sic
256 3270 318 3334 tibi
333 3271 474 3333 nominis
488 3272 568 3334 haec
583 3292 699 3350 expers
714 3272 768 3335 uis
781 3271 872 3335 facta
887 3272 1025 3334 minutis

192 3380 388 3458 corporibus
402 3381 484 3444 11101
501 3388 600 3458 atque
617 3381 745 3445 animae
762 3382 856 3458 quasi
872 3381 975 3444 totius
991 3382 1063 3459 ipsa

193 3498 389 3569 proporrost
408 3490 517 3553 anima
535 3498 567 3553 01
585 3490 775 3553 dominatur
793 3511 928 3568 corpore
945 3497 1024 3553 1010.

193 3599 357 3663 consimili
372 3600 500 3663 ratione
515 3605 675 3662 necessest
690 3606 811 3662 uentus
826 3606 858 3663 et
874 3621 930 3663 101

194 3717 227 3772 01
243 3710 333 3772 01101
349 3709 436 3772 11101
452 3729 486 3772 10
502 3708 638 3786 uigeant
654 3709 829 3771 commixta
846 3729 905 3786 per
922 3715 1016 3771 artus

194 3825 294 3896 atque
312 3818 386 3881 aliis
404 3818 496 3881 aliud
514 3817 620 3879 subsit
637 3817 742 3895 magis
760 3817 969 3895 emineatque'

193 3936 232 3991 ut
249 3928 409 4006 quiddam
423 3927 496 3988 fieri
510 3926 666 3989 uideatur
683 3929 723 3990 ab
740 3926 890 3989 omnibus
905 3946 1018 4001 unum,

699 4222 756 4274 [89]
