3234 4686
606 392 636 442 T.
657 392 821 444 urorum
839 392 929 443 CARI

234 607 399 685 posterius
413 607 452 670 fit
468 607 529 683 uti,
548 628 621 670 cum
640 606 706 670 iam
723 607 867 670 cecidere
885 607 1005 670 ueneni

234 717 271 778 in
286 716 389 780 fontis
404 717 501 794 ipsos,
518 717 564 780 ibi
579 717 622 779 sit
638 737 767 794 quoque
781 717 854 780 uita
869 717 1033 779 uomenda

235 834 411 905 propterea
428 827 515 904 quod
532 847 652 904 magna
668 826 748 888 mali
764 826 803 888 fit
819 827 914 904 copia
931 825 1064 889 circum.

254 937 355 999 —Fit
370 957 499 1014 quoque
515 944 553 999 ut
569 935 738 999 interdum
753 937 806 999 uis
821 938 900 999 haec
916 943 1015 1013 atque
1032 942 1142 999 aestus
1156 935 1286 998 Auerni
1338 933 1388 982 830

236 1067 321 1123 acra,
340 1045 397 1123 qui
414 1046 502 1109 inter
519 1046 591 1109 auis
608 1053 778 1124 cumquest
795 1052 982 1122 terramque
1000 1046 1135 1121 locatus,

236 1155 402 1231 discutiat,
420 1176 524 1233 prope
541 1156 592 1219 uti
609 1157 699 1218 locus
716 1156 769 1219 hic
787 1155 960 1232 linquatur
977 1155 1095 1217 inanis.

236 1264 329 1328 cuius
344 1265 402 1328 ubi
419 1287 435 1329 e
452 1266 584 1343 regione
600 1265 663 1328 loci
679 1285 798 1328 uenere
815 1265 969 1341 uolantis,

236 1375 400 1438 claudicat
418 1377 583 1453 extemplo
600 1375 779 1453 pinnarum
797 1374 888 1436 nisus
906 1374 1015 1436 inanis

236 1491 268 1547 et
284 1505 440 1548 conamen
456 1485 622 1562 utrimque
640 1486 768 1548 alarum
786 1485 940 1562 proditur
958 1504 1060 1546 omne.

236 1595 289 1656 hic
305 1595 363 1657 ubi
379 1594 490 1657 nixari
505 1601 674 1672 nequeunt
691 1594 905 1671 insistereque
925 1594 994 1670 alia,

236 1703 359 1767 scilicet
376 1704 411 1765 in
428 1712 552 1767 terram
569 1704 678 1766 delabi
696 1705 840 1782 pondere
857 1704 944 1781 cogit

237 1822 367 1890 natura,
385 1822 417 1877 et
432 1835 575 1877 uacuum
592 1834 695 1892 prope
711 1813 777 1875 iam
793 1834 852 1891 per
868 1814 966 1876 inane
983 1813 1125 1876 iacentes

237 1922 433 2000 dispergunt
450 1923 576 1986 animas
594 1943 653 2001 per
671 1919 782 1986 caulas
800 1923 947 2001 corporis
964 1923 1078 1986 omnis.

783 2033 800 2068 ᾖ

326 2308 400 2358 CVR
414 2308 520 2372 AQVA
533 2309 577 2357 IN
592 2308 728 2358 PVTEIS
743 2308 942 2358 FRIGIDIOR
957 2308 1016 2358 SIT
1032 2308 1204 2359 AESTATE

238 2395 393 2473 frigidior
408 2416 509 2474 porro
524 2396 559 2457 in
575 2397 685 2475 puteis
700 2402 822 2461 aestate
837 2397 875 2460 fit
890 2417 994 2474 umor,

238 2506 355 2569 arescit
373 2506 451 2583 quia
469 2513 560 2569 terra
577 2507 683 2570 calore
703 2514 735 2570 et
753 2506 856 2569 semin
863 2517 980 2578 <na>
1003 2506 1099 2584 siqua

140 2685 142 2689 ¹
238 2614 324 2678 forte
341 2616 476 2693 uaporis
493 2617 600 2692 habet,
620 2636 759 2694 propere
776 2616 916 2684 dimittit
934 2617 970 2677 in
988 2637 1095 2679 auras.

238 2745 303 2801 quo
316 2725 420 2802 magis
436 2732 484 2788 est
500 2725 604 2803 igitur
618 2727 716 2789 tellus
731 2726 830 2789 effeta
845 2727 959 2802 calore,

237 2833 275 2895 fit
290 2855 418 2912 quoque
434 2834 590 2913 frigidior
606 2836 663 2913 qui
680 2836 715 2896 in
730 2842 851 2898 terrast
867 2836 1000 2898 abditus
1016 2857 1119 2899 umor.

238 2943 362 3021 frigore
378 2966 452 3007 cum
467 2945 630 3022 premitur
646 2965 746 3023 porro
761 2946 867 3007 omnis
880 2954 971 3008 terra
985 2946 1113 3022 coitque

238 3061 270 3116 et
287 3054 381 3131 quasi
398 3055 585 3131 concrescit,
602 3055 640 3117 fit
657 3054 779 3118 scilicet
797 3056 832 3115 in
850 3057 996 3118 coeundo
1016 3063 1128 3126 <ut>

239 3163 402 3240 exprimat
421 3164 456 3225 in
475 3172 591 3242 puteos
609 3166 637 3227 si
656 3185 751 3242 quem
770 3164 855 3242 gerit
874 3165 947 3242 ipsa
965 3165 1114 3227 calorem.

517 3355 567 3404 DE
586 3355 711 3405 FONTE
733 3356 785 3405 AD
806 3354 1017 3405 HAMMONIS

301 3443 381 3506 Esse
399 3445 489 3521 apud
508 3444 702 3506 Hammonis
720 3443 837 3506 fanum
855 3443 931 3506 fons
948 3445 1020 3507 iuoe
1039 3442 1159 3505 diurna

239 3550 384 3629 frigidus
400 3559 432 3616 et
448 3553 575 3616 calidus
591 3560 754 3615 nocturno
769 3559 915 3630 tempore
932 3552 1051 3614 fertur.

238 3661 326 3724 hunc
341 3662 488 3725 homines
504 3662 630 3724 fontem
647 3662 745 3724 nimis
762 3663 971 3725 admirantur
988 3668 1020 3724 et
1036 3660 1105 3723 acri

238 3772 303 3834 sole
319 3778 441 3849 putant
458 3778 573 3849 supter
589 3776 695 3832 terras
713 3771 895 3834 fcruesccre
913 3769 1046 3848 partim,

250 3902 298 3950 841
310 3903 381 3963 vulp.
398 3903 517 3953 rarescit
538 3940 544 3952 .
565 3940 570 3951 .
591 3901 714 3962 ‚siquae

250 3970 300 4018 842
310 3970 423 4034 proprie
458 3970 525 4031 fort.
542 3981 627 4032 prope
644 3967 698 4015 iam

250 4038 300 4086 846
310 4038 382 4098 culp.
399 4041 431 4087 ut
446 4035 565 4085 coeundo

250 4104 300 4154 851
311 4105 382 4164 volo.
399 4102 500 4167 raptim

734 4171 806 4223 [243]
