3234 4686
654 446 706 495 DE
723 446 856 496 RERVM
873 446 1028 497 NATVBA
1051 447 1091 497 1⁷1

360 661 440 723 haec
457 660 588 724 iaciunt
606 660 750 739 primum
768 682 892 740 paruas
909 662 1084 725 consistere
1103 665 1207 726 nubes
1216 691 1224 741 ;

362 770 440 834 inde
457 792 495 834 ea
512 772 754 849 comprendunt
772 771 859 835 inter
877 792 910 834 se
928 793 1053 850 conque
1071 780 1255 851 gregantur

360 886 393 942 et
410 880 639 959 coniungendo
655 890 806 946 creseunt
823 882 997 960 uentisque
1015 883 1174 946 feruntur

359 1010 463 1067 usque
479 991 560 1054 adeo
574 992 676 1055 donee
690 999 867 1070 tempestas
882 1013 982 1057 saeua
996 1000 1148 1057 coortast.

358 1100 405 1177 sit
420 1120 548 1178 quoque
563 1100 614 1163 uti
629 1102 750 1164 montis
765 1102 878 1166 uicina
893 1102 1064 1166 cacumina
1080 1105 1170 1166 caelo

360 1230 458 1287 quam
473 1210 541 1273 sint
555 1231 684 1288 quoque
699 1211 813 1289 magis,
828 1219 924 1275 tanto
938 1213 1043 1290 magis
1058 1213 1147 1276 edita
1162 1213 1294 1276 fument

360 1319 497 1383 adsidue
513 1319 628 1383 fuluas
644 1322 742 1384 nubis
759 1321 899 1400 caligine
915 1343 1025 1386 crassa

359 1437 536 1508 propterea
552 1430 639 1508 quia,
657 1452 732 1494 cum
749 1431 933 1495 consistunt
950 1433 1065 1495 nubila
1082 1433 1237 1511 primum,

359 1546 436 1603 ante
451 1540 566 1604 uidere
583 1540 669 1603 oculi
685 1561 784 1618 quam
800 1541 927 1620 possint
942 1542 1066 1619 tenuia,
1081 1542 1176 1605 uenti

358 1656 531 1727 portantes
547 1656 669 1727 cogunt
687 1652 729 1714 ad
747 1671 874 1715 summa
892 1653 1063 1715 cacumina
1080 1652 1211 1715 montis.

358 1759 412 1822 hic
428 1760 558 1822 demum
573 1760 612 1823 fit
626 1761 678 1823 uti
694 1763 793 1824 turba
808 1761 930 1824 maiore
947 1768 1058 1825 coorta

358 1876 391 1932 et
409 1871 572 1933 condensa
590 1878 713 1947 queant
731 1891 893 1948 apparere
911 1879 943 1935 et
961 1871 1059 1934 simul
1077 1853 1150 1950 ipso

357 1979 482 2043 uertice
499 1981 539 2041 de
555 1980 676 2043 montis
693 1981 874 2043 uideantur
891 2001 1025 2058 surgere
1043 1982 1079 2042 in
1096 1982 1253 2044 aethram.

342 2088 436 2165 (nam
452 2091 523 2152 loca
541 2090 687 2153 declarat
703 2111 835 2153 sursum
850 2098 989 2154 uentosa
1005 2098 1119 2169 patere

358 2219 410 2260 res
426 2198 498 2276 ipsa
515 2207 546 2262 et
562 2219 685 2276 sensus,
701 2200 822 2262 montis
839 2221 912 2263 oum
929 2200 1135 2263 ascendimus
1151 2201 1261 2277 altos.)

314 2316 530 2386 -praeterea
545 2311 710 2387 permulta
725 2310 810 2373 mari
827 2330 954 2387 quoque
970 2311 1085 2374 toliere
1095 2317 1170 2373 toto

357 2438 495 2496 corpora
512 2426 668 2482 naturam
686 2420 856 2483 declarant
873 2419 970 2483 litore
986 2420 1088 2483 uestis

267 2564 273 2572 ·
356 2548 541 2605 suspensae,
561 2549 635 2591 cum
652 2529 843 2607 concipiunt
860 2529 984 2591 umoris
1001 2530 1189 2593 adhaesum.

357 2658 423 2715 quo
436 2638 541 2716 magis
556 2639 599 2701 ad
614 2638 712 2701 nubis
727 2639 896 2716 augendas
910 2639 1016 2702 multa
1030 2638 1192 2703 uidentur

356 2768 449 2825 posse
466 2768 594 2825 quoque
611 2769 627 2811 e
644 2749 728 2811 salso
744 2769 940 2826 consurgere
956 2749 1097 2812 momine
1114 2749 1209 2827 ponti
1218 2776 1225 2827 ;

341 2858 433 2934 (nam
451 2857 537 2920 ratio
553 2858 827 2935 consanguineast
843 2858 1013 2920 umoribus
1031 2859 1166 2934 omnis).

355 2974 528 3044 praeterea
544 2966 658 3030 fluuiis
672 2988 712 3031 ex
727 2967 878 3030 omnibus
893 2973 926 3031 et
942 2967 1041 3030 simul
1056 2967 1131 3047 ipsa

356 3097 489 3154 surgere
507 3078 546 3141 de
563 3083 654 3140 terra
670 3078 806 3139 nebulas
824 3084 1013 3154 aestumque
1030 3078 1191 3155 uidemus,

356 3207 439 3264 quae
454 3188 548 3250 uelut
565 3187 664 3250 alitus
680 3186 757 3250 hinc
773 3187 821 3250 ita
837 3207 968 3250 sursum
985 3207 1139 3266 expressa
1154 3186 1315 3252 feruntur

355 3297 618 3373 suffunduntque
635 3318 694 3359 sua
711 3298 836 3360 caelum
853 3296 993 3374 caligine
1009 3302 1041 3358 et
1058 3298 1142 3359 altas

355 3406 521 3469 sufficiunt
538 3406 636 3468 nubis
653 3406 816 3484 paulatim
833 3407 1080 3483 conueniundo-;

340 3516 453 3593 (urget
470 3516 556 3577 enim
573 3536 700 3593 quoque
718 3516 871 3593 signiferi
889 3536 988 3593 super
1005 3517 1148 3578 aetheris
1165 3524 1274 3579 aestus

355 3633 387 3689 et
404 3626 498 3703 quasi
515 3626 680 3688 densendo
697 3625 841 3688 subtexit
859 3626 991 3688 caerula
1007 3625 1158 3701 nimbis).

311 3736 399 3814 -sit
416 3755 544 3824 quoque
560 3742 599 3797 ut
615 3736 703 3796 huno
718 3735 856 3797 ueniant
873 3735 909 3795 in
926 3735 1051 3797 caelum
1069 3735 1273 3799 extrinsecus
1290 3737 1349 3801 illa

364 3868 416 3917 465
427 3868 494 3929 fort.
509 3866 548 3916 sic

365 3937 416 3984 475
426 3935 498 3995 volo.
514 3932 576 3984 ollis

365 4003 416 4051 480
428 4003 495 4063 fort.
511 4000 631 4050 efficiunt

365 4070 416 4118 483
427 4069 499 4128 outo.
513 4069 565 4116 huc
