3234 4686
683 460 734 510 DE
753 460 885 510 RERVM
903 412 1057 510 NArVirA
1080 460 1104 509 V

380 672 490 736 omnia
507 673 675 752 dispositis
690 674 795 752 signis
809 682 928 738 ornata
943 676 1130 751 notarunt.)
1206 704 1209 710 ¹

381 789 440 844 out
456 782 534 860 quia
550 783 689 846 crassior
706 790 755 846 est
772 784 870 847 oertis
886 784 922 846 in
938 784 1091 862 partibus
1108 804 1174 862 aer,

379 893 441 954 sub
457 891 557 955 terris
573 892 648 955 ideo
662 894 841 956 tremulum
858 893 955 956 iubar
971 893 1113 956 haesitat
1131 894 1217 972 ignis

380 1021 440 1063 nee
455 1009 630 1079 penetrare
646 1008 754 1080 potest
771 1002 869 1065 facile
887 1011 985 1080 atque
1001 1023 1165 1081 emergere
1182 1004 1225 1067 ad
1242 1010 1340 1066 ortus.

380 1117 557 1188 propterea
572 1119 683 1175 noetes
699 1112 837 1174 hiberno
853 1119 1000 1189 tempore
1016 1112 1133 1190 longae

380 1227 517 1297 oessant,
535 1222 614 1282 dum
629 1221 743 1283 ueniat
759 1221 927 1284 radiatum
944 1221 1072 1300 insigne
1087 1222 1164 1284 diei.

380 1337 439 1392 out
456 1330 565 1407 etiam,
583 1330 661 1408 quia
678 1330 724 1392 sie
741 1331 878 1394 alternis
894 1331 1047 1408 partibus
1064 1332 1144 1394 anni

379 1439 510 1502 tardius
526 1447 559 1502 et
574 1439 672 1503 eitius
688 1448 888 1503 consuerunt
905 1441 1068 1503 confluere
1081 1440 1177 1518 ignes

379 1548 437 1626 qui
454 1549 586 1612 iaciunt
602 1550 702 1611 solem
718 1556 809 1612 eerta
826 1550 865 1611 de
882 1570 1017 1628 surgere
1034 1556 1139 1627 parte.
1222 1573 1224 1580 ·

336 1666 557 1737 -propterea
571 1658 609 1721 fit
625 1659 676 1721 uti
691 1659 872 1722 uideantur
888 1660 996 1722 dieere
1012 1680 1139 1722 uerum.

722 1765 772 1815 DE
792 1765 923 1815 LVNAE
943 1766 1096 1815 LVMINE

441 1853 538 1916 Luna
552 1861 661 1931 potest
674 1854 751 1917 solis
765 1855 869 1917 radiis
884 1875 1039 1933 pereussa
1054 1856 1159 1919 nitere

379 1962 479 2040 inque
495 1962 564 2026 dies
581 1964 686 2041 magis
708 1964 858 2036 <hino>
879 1966 991 2027 lumen
1008 1971 1199 2029 conuertere
1216 1965 1310 2027 nobis

379 2072 422 2134 ad
439 2072 588 2150 speeiem,
608 2081 769 2149 quantum
787 2074 864 2136 solis
881 2074 1003 2137 secedit
1020 2076 1060 2138 ab
1079 2074 1159 2137 orbi.

379 2181 521 2259 donique
538 2202 612 2244 eum
628 2191 744 2246 eontra
760 2183 859 2261 pleno
874 2185 955 2245 bene
972 2184 1096 2246 lumine
1113 2183 1209 2246 fulsit

378 2298 478 2368 atque
494 2291 602 2354 oriens
618 2292 726 2354 obitus
742 2292 812 2356 eius
828 2313 928 2371 super
944 2293 1034 2356 edita
1048 2293 1153 2370 uidit;

378 2400 455 2462 inde
469 2401 661 2464 minutatim
676 2407 766 2464 retro
782 2403 876 2479 quasi
891 2403 1030 2465 oondere
1044 2403 1157 2466 *lumen

378 2511 474 2573 debet
489 2511 578 2587 item,
594 2518 719 2588 quanto
734 2512 872 2589 propius
889 2512 954 2574 iam
969 2512 1046 2574 solis
1062 2514 1104 2575 ad
1119 2512 1229 2590 ignem

377 2619 502 2683 labitur
519 2620 640 2684 exalia
657 2621 826 2698 signorum
843 2626 938 2700 parte
956 2642 1016 2698 per
1033 2623 1160 2697 orbem;

377 2736 415 2791 ut
432 2729 572 2805 faciunt,
587 2731 701 2792 lunam
717 2731 775 2808 qui
789 2731 921 2808 fingunt
937 2751 1004 2794 esse
1020 2731 1102 2809 pilai

377 2839 577 2901 consimilem
594 2860 773 2917 cursusque
789 2840 879 2902 uiam
896 2840 956 2902 sub
972 2841 1038 2902 sole
1053 2846 1173 2902 tenere.

332 2955 425 3011 -est
441 2949 540 3011 etiam
556 2969 658 3026 quare
674 2949 811 3027 proprio
825 2970 900 3011 oum
915 2948 1038 3011 lumine
1055 2949 1158 3027 possit

376 3058 505 3121 uoluier
522 3065 554 3121 et
571 3058 682 3122 uarias
700 3059 885 3137 splendoris
900 3059 1038 3122 reddere
1056 3058 1189 3121 formas.

377 3188 497 3244 eorpus
513 3168 600 3231 enim
615 3168 692 3231 lieet
710 3188 777 3232 esse
794 3168 886 3231 aliud
902 3169 989 3245 quod
1007 3168 1117 3231 fertur
1134 3175 1167 3231 et
1182 3188 1251 3230 una
1269 3198 1272 3202 ⁴

376 3277 501 3340 labitur
519 3278 713 3340 omnimodis
731 3297 905 3340 oeeursans
923 3277 1127 3355 offieiensque

376 3408 435 3449 nee
451 3387 539 3464 potis
553 3393 602 3450 est
618 3387 717 3463 cerni,
735 3386 814 3464 quia
830 3407 956 3449 cassum
972 3387 1096 3450 lumine
1113 3386 1233 3449 fertur.

375 3496 567 3573 uersarique
584 3503 702 3575 potest,
720 3496 835 3574 globus
850 3504 897 3572 ut,
916 3496 943 3558 si
960 3495 1057 3572 forte,
1075 3495 1157 3573 pilai

376 3605 515 3669 dimidia
530 3627 570 3669 ex
586 3606 677 3685 parti
692 3605 848 3668 eandenti
864 3605 988 3668 lumine
1004 3604 1139 3681 tinctus,

374 3715 602 3793 uersandoque
621 3716 753 3792 globum
772 3715 936 3778 uariantis
955 3714 1050 3777 edere
1069 3713 1202 3789 formas,

375 3825 518 3902 donique
534 3846 605 3888 eam
620 3831 759 3903 partem,
776 3844 999 3902 quaecumque
1015 3829 1063 3886 est
1079 3823 1211 3902 ignibus
1226 3830 1334 3903 aucta,

375 3935 418 3996 ad
434 3934 574 4011 speeiem
589 3934 692 3997 uertit
708 3934 801 3996 nobis
818 3934 990 4010 oculosque
1007 3932 1170 4011 patentis;

386 4066 506 4115 704⁴*705
517 4067 589 4126 vulp.

386 4134 436 4182 706
446 4133 518 4192 vulp.
538 4132 631 4191 <id>

870 4225 944 4277 [111]
