<?xml version="1.0" encoding="UTF-8"?>
<!DOCTYPE html PUBLIC "-//W3C//DTD XHTML 1.0 Transitional//EN"
    "http://www.w3.org/TR/xhtml1/DTD/xhtml1-transitional.dtd">
<html xmlns="http://www.w3.org/1999/xhtml" xml:lang="en" lang="en">
 <head>
  <title>
</title>
<meta http-equiv="Content-Type" content="text/html;charset=utf-8" />
  <meta name='ocr-system' content='tesseract 3.04.00' />
  <meta name='ocr-capabilities' content='ocr_page ocr_carea ocr_par ocr_line ocrx_word'/>
</head>
<body>
  <div class='ocr_page' id='page_1' title='image "./lvcretiderervmn00merrgoog_0187.png"; bbox 0 0 3190 4682; ppageno 0'>
   <div class='ocr_carea' id='block_1_1' title="bbox 629 376 1048 455">
    <p class='ocr_par' dir='ltr' id='par_1_1' title="bbox 629 376 1048 455">
     <span class='ocr_line' id='line_1_1' title="bbox 629 376 1048 455; baseline 0.005 -3"><span class='ocrx_word' id='word_1_1' title='bbox 629 403 679 452; x_wconf 83' lang='lat' dir='ltr'>nr</span> <span class='ocrx_word' id='word_1_2' title='bbox 698 404 830 454; x_wconf 73' lang='lat' dir='ltr'>annun</span> <span class='ocrx_word' id='word_1_3' title='bbox 848 376 1002 455; x_wconf 69' lang='lat' dir='ltr'>narrar</span> <span class='ocrx_word' id='word_1_4' title='bbox 1025 406 1048 454; x_wconf 76' lang='grc' dir='ltr'><em>ν</em></span> 
     </span>
    </p>
   </div>
   <div class='ocr_carea' id='block_1_2' title="bbox 326 617 1265 1354">
    <p class='ocr_par' dir='ltr' id='par_1_2' title="bbox 326 617 1265 1136">
     <span class='ocr_line' id='line_1_2' title="bbox 328 617 1125 696; baseline 0.005 -17"><span class='ocrx_word' id='word_1_5' title='bbox 328 619 415 694; x_wconf 94' lang='lat' dir='ltr'>quod</span> <span class='ocrx_word' id='word_1_6' title='bbox 431 617 529 680; x_wconf 89' lang='lat' dir='ltr'>simul</span> <span class='ocrx_word' id='word_1_7' title='bbox 545 639 582 681; x_wconf 89' lang='lat' dir='ltr'>ac</span> <span class='ocrx_word' id='word_1_8' title='bbox 599 618 743 696; x_wconf 93' lang='lat' dir='ltr'>primum</span> <span class='ocrx_word' id='word_1_9' title='bbox 758 622 861 683; x_wconf 89' lang='lat' dir='ltr'>nubes</span> <span class='ocrx_word' id='word_1_10' title='bbox 876 622 1049 684; x_wconf 76' lang='lat' dir='ltr'>succedere</span> <span class='ocrx_word' id='word_1_11' title='bbox 1064 621 1125 690; x_wconf 92' lang='lat' dir='ltr'>soli</span> 
     </span>
     <span class='ocr_line' id='line_1_3' title="bbox 327 728 1126 807; baseline 0.006 -19"><span class='ocrx_word' id='word_1_12' title='bbox 327 746 460 804; x_wconf 87' lang='lat' dir='ltr'>coepere</span> <span class='ocrx_word' id='word_1_13' title='bbox 477 735 508 790; x_wconf 91' lang='lat' dir='ltr'>et</span> <span class='ocrx_word' id='word_1_14' title='bbox 525 728 635 791; x_wconf 88' lang='lat' dir='ltr'>radios</span> <span class='ocrx_word' id='word_1_15' title='bbox 651 728 739 790; x_wconf 88' lang='lat' dir='ltr'>inter</span> <span class='ocrx_word' id='word_1_16' title='bbox 755 730 848 806; x_wconf 85' lang='lat' dir='ltr'>quasi</span> <span class='ocrx_word' id='word_1_17' title='bbox 865 750 1018 807; x_wconf 87' lang='lat' dir='ltr'>rumpere</span> <span class='ocrx_word' id='word_1_18' title='bbox 1034 731 1126 807; x_wconf 86' lang='lat' dir='ltr'>lucis,</span> 
     </span>
     <span class='ocr_line' id='line_1_4' title="bbox 327 836 1155 917; baseline 0.005 -19"><span class='ocrx_word' id='word_1_19' title='bbox 327 838 491 914; x_wconf 87' lang='lat' dir='ltr'>extemplo</span> <span class='ocrx_word' id='word_1_20' title='bbox 507 836 647 900; x_wconf 83' lang='lat' dir='ltr'>inferior</span> <span class='ocrx_word' id='word_1_21' title='bbox 665 859 742 916; x_wconf 94' lang='lat' dir='ltr'>pars</span> <span class='ocrx_word' id='word_1_22' title='bbox 758 841 875 901; x_wconf 93' lang='lat' dir='ltr'>horum</span> <span class='ocrx_word' id='word_1_23' title='bbox 893 839 1033 917; x_wconf 85' lang='lat' dir='ltr'>disperit</span> <span class='ocrx_word' id='word_1_24' title='bbox 1049 840 1155 902; x_wconf 91' lang='lat' dir='ltr'>omnis</span> 
     </span>
     <span class='ocr_line' id='line_1_5' title="bbox 326 946 1265 1027; baseline 0.005 -20"><span class='ocrx_word' id='word_1_25' title='bbox 326 952 481 1023; x_wconf 87' lang='lat' dir='ltr'>terraque</span> <span class='ocrx_word' id='word_1_26' title='bbox 499 946 711 1009; x_wconf 84' lang='lat' dir='ltr'>inumbratur</span> <span class='ocrx_word' id='word_1_27' title='bbox 729 968 794 1024; x_wconf 88' lang='lat' dir='ltr'>qua</span> <span class='ocrx_word' id='word_1_28' title='bbox 812 948 915 1011; x_wconf 90' lang='lat' dir='ltr'>nimbi</span> <span class='ocrx_word' id='word_1_29' title='bbox 934 968 1072 1026; x_wconf 88' lang='lat' dir='ltr'>cumque</span> <span class='ocrx_word' id='word_1_30' title='bbox 1089 949 1265 1027; x_wconf 80' lang='lat' dir='ltr'>feruntur3</span> 
     </span>
     <span class='ocr_line' id='line_1_6' title="bbox 326 1057 1108 1136; baseline 0.005 -18"><span class='ocrx_word' id='word_1_31' title='bbox 326 1060 365 1118; x_wconf 93' lang='lat' dir='ltr'>ut</span> <span class='ocrx_word' id='word_1_32' title='bbox 381 1075 494 1118; x_wconf 83' lang='lat' dir='ltr'>noscas</span> <span class='ocrx_word' id='word_1_33' title='bbox 510 1057 684 1133; x_wconf 89' lang='lat' dir='ltr'>splendore</span> <span class='ocrx_word' id='word_1_34' title='bbox 700 1077 786 1119; x_wconf 92' lang='lat' dir='ltr'>nouo</span> <span class='ocrx_word' id='word_1_35' title='bbox 803 1079 854 1120; x_wconf 90' lang='lat' dir='ltr'>res</span> <span class='ocrx_word' id='word_1_36' title='bbox 869 1078 997 1136; x_wconf 80' lang='lat' dir='ltr'>semper</span> <span class='ocrx_word' id='word_1_37' title='bbox 1014 1080 1108 1136; x_wconf 90' lang='lat' dir='ltr'>egere</span> 
     </span>
    </p>

    <p class='ocr_par' dir='ltr' id='par_1_3' title="bbox 327 1165 1121 1246">
     <span class='ocr_line' id='line_1_7' title="bbox 327 1165 1121 1246; baseline 0.005 -21"><span class='ocrx_word' id='word_1_38' title='bbox 327 1171 358 1226; x_wconf 92' lang='lat' dir='ltr'>et</span> <span class='ocrx_word' id='word_1_39' title='bbox 376 1165 520 1242; x_wconf 89' lang='lat' dir='ltr'>primum</span> <span class='ocrx_word' id='word_1_40' title='bbox 536 1165 659 1228; x_wconf 89' lang='lat' dir='ltr'>iactum</span> <span class='ocrx_word' id='word_1_41' title='bbox 676 1166 818 1244; x_wconf 84' lang='lat' dir='ltr'>fulgoris</span> <span class='ocrx_word' id='word_1_42' title='bbox 835 1187 995 1244; x_wconf 92' lang='lat' dir='ltr'>quemque</span> <span class='ocrx_word' id='word_1_43' title='bbox 1012 1168 1121 1246; x_wconf 90' lang='lat' dir='ltr'>perire</span> 
     </span>
    </p>

    <p class='ocr_par' dir='ltr' id='par_1_4' title="bbox 327 1274 1059 1354">
     <span class='ocr_line' id='line_1_8' title="bbox 327 1274 1059 1354; baseline 0.004 -19"><span class='ocrx_word' id='word_1_44' title='bbox 327 1295 386 1337; x_wconf 90' lang='lat' dir='ltr'>nec</span> <span class='ocrx_word' id='word_1_45' title='bbox 402 1274 530 1338; x_wconf 83' lang='lat' dir='ltr'>ratione</span> <span class='ocrx_word' id='word_1_46' title='bbox 546 1275 612 1338; x_wconf 91' lang='lat' dir='ltr'>alia</span> <span class='ocrx_word' id='word_1_47' title='bbox 628 1296 680 1338; x_wconf 89' lang='lat' dir='ltr'>res</span> <span class='ocrx_word' id='word_1_48' title='bbox 697 1296 789 1353; x_wconf 90' lang='lat' dir='ltr'>posse</span> <span class='ocrx_word' id='word_1_49' title='bbox 806 1277 842 1338; x_wconf 92' lang='lat' dir='ltr'>in</span> <span class='ocrx_word' id='word_1_50' title='bbox 858 1278 924 1340; x_wconf 87' lang='lat' dir='ltr'>sole</span> <span class='ocrx_word' id='word_1_51' title='bbox 940 1277 1059 1354; x_wconf 89' lang='lat' dir='ltr'>uideri,</span> 
     </span>
    </p>
   </div>
   <div class='ocr_carea' id='block_1_3' title="bbox 326 1384 1116 1544">
    <p class='ocr_par' dir='ltr' id='par_1_5' title="bbox 326 1384 1116 1544">
     <span class='ocr_line' id='line_1_9' title="bbox 326 1384 1092 1464; baseline 0.008 -20"><span class='ocrx_word' id='word_1_52' title='bbox 326 1392 488 1462; x_wconf 94' lang='lat' dir='ltr'>perpetuo</span> <span class='ocrx_word' id='word_1_53' title='bbox 502 1384 538 1445; x_wconf 91' lang='lat' dir='ltr'>ni</span> <span class='ocrx_word' id='word_1_54' title='bbox 553 1385 743 1462; x_wconf 79' lang='lat' dir='ltr'>suppeditet</span> <span class='ocrx_word' id='word_1_55' title='bbox 759 1387 842 1449; x_wconf 90' lang='lat' dir='ltr'>lucis</span> <span class='ocrx_word' id='word_1_56' title='bbox 857 1394 959 1464; x_wconf 89' lang='lat' dir='ltr'>caput</span> <span class='ocrx_word' id='word_1_57' title='bbox 974 1387 1092 1464; x_wconf 91' lang='lat' dir='ltr'>ipsum.</span> 
     </span>
     <span class='ocr_line' id='line_1_10' title="bbox 511 1493 1116 1544; baseline -0.003 0"><span class='ocrx_word' id='word_1_58' title='bbox 511 1539 514 1544; x_wconf 91' lang='lat'>.</span> <span class='ocrx_word' id='word_1_59' title='bbox 597 1493 647 1542; x_wconf 87' lang='lat' dir='ltr'>DE</span> <span class='ocrx_word' id='word_1_60' title='bbox 666 1493 852 1542; x_wconf 89' lang='lat' dir='ltr'><strong>LAMPADE</strong></span> <span class='ocrx_word' id='word_1_61' title='bbox 870 1493 918 1543; x_wconf 79' lang='lat' dir='ltr'>Er</span> <span class='ocrx_word' id='word_1_62' title='bbox 936 1493 1116 1543; x_wconf 81' lang='lat' dir='ltr'>LVOERNA</span> 
     </span>
    </p>
   </div>
   <div class='ocr_carea' id='block_1_4' title="bbox 283 1574 1280 2755">
    <p class='ocr_par' dir='ltr' id='par_1_6' title="bbox 283 1574 1280 2426">
     <span class='ocr_line' id='line_1_11' title="bbox 283 1574 1163 1660; baseline 0.001 -16"><span class='ocrx_word' id='word_1_63' title='bbox 283 1581 408 1659; x_wconf 88' lang='lat' dir='ltr'>-quin</span> <span class='ocrx_word' id='word_1_64' title='bbox 424 1581 523 1644; x_wconf 89' lang='lat' dir='ltr'>etiam</span> <span class='ocrx_word' id='word_1_65' title='bbox 540 1589 703 1645; x_wconf 88' lang='lat' dir='ltr'>nocturna</span> <span class='ocrx_word' id='word_1_66' title='bbox 719 1582 781 1644; x_wconf 91' lang='lat' dir='ltr'>tibi</span> <span class='ocrx_word' id='word_1_67' title='bbox 796 1583 969 1645; x_wconf 86' lang='lat' dir='ltr'>terrestria</span> <span class='ocrx_word' id='word_1_68' title='bbox 984 1574 1067 1660; x_wconf 88' lang='lat' dir='ltr'>quae</span> <span class='ocrx_word' id='word_1_69' title='bbox 1084 1590 1163 1645; x_wconf 89' lang='lat' dir='ltr'>sunt</span> 
     </span>
     <span class='ocr_line' id='line_1_12' title="bbox 326 1691 1136 1769; baseline 0.001 -16"><span class='ocrx_word' id='word_1_70' title='bbox 326 1691 462 1767; x_wconf 84' lang='lat' dir='ltr'>lumina,</span> <span class='ocrx_word' id='word_1_71' title='bbox 479 1692 660 1769; x_wconf 87' lang='lat' dir='ltr'>pendentes</span> <span class='ocrx_word' id='word_1_72' title='bbox 676 1692 789 1767; x_wconf 79' lang='lat' dir='ltr'>lychni</span> <span class='ocrx_word' id='word_1_73' title='bbox 805 1693 978 1769; x_wconf 85' lang='lat' dir='ltr'>claraeque</span> <span class='ocrx_word' id='word_1_74' title='bbox 994 1692 1136 1754; x_wconf 89' lang='lat' dir='ltr'>coruscis</span> 
     </span>
     <span class='ocr_line' id='line_1_13' title="bbox 327 1800 1080 1879; baseline 0.001 -18"><span class='ocrx_word' id='word_1_75' title='bbox 327 1800 519 1878; x_wconf 82' lang='lat' dir='ltr'>fulguribus</span> <span class='ocrx_word' id='word_1_76' title='bbox 534 1801 674 1879; x_wconf 81' lang='lat' dir='ltr'>pingues</span> <span class='ocrx_word' id='word_1_77' title='bbox 688 1803 795 1864; x_wconf 90' lang='lat' dir='ltr'>multa</span> <span class='ocrx_word' id='word_1_78' title='bbox 809 1801 949 1878; x_wconf 89' lang='lat' dir='ltr'>caligine</span> <span class='ocrx_word' id='word_1_79' title='bbox 964 1803 1080 1864; x_wconf 87' lang='lat' dir='ltr'>taedae</span> 
     </span>
     <span class='ocr_line' id='line_1_14' title="bbox 326 1909 1174 1988; baseline 0.001 -16"><span class='ocrx_word' id='word_1_80' title='bbox 326 1909 488 1972; x_wconf 80' lang='lat' dir='ltr'>consimili</span> <span class='ocrx_word' id='word_1_81' title='bbox 505 1918 686 1988; x_wconf 88' lang='lat' dir='ltr'>properant</span> <span class='ocrx_word' id='word_1_82' title='bbox 702 1911 839 1986; x_wconf 89' lang='lat' dir='ltr'>ratione,</span> <span class='ocrx_word' id='word_1_83' title='bbox 858 1912 975 1974; x_wconf 88' lang='lat' dir='ltr'>ardore</span> <span class='ocrx_word' id='word_1_84' title='bbox 991 1911 1152 1987; x_wconf 87' lang='lat' dir='ltr'>ministro,</span> <span class='ocrx_word' id='word_1_85' title='bbox 1171 1975 1174 1981; x_wconf 69' lang='grc'>,</span> 
     </span>
     <span class='ocr_line' id='line_1_15' title="bbox 326 2020 1280 2098; baseline 0.002 -17"><span class='ocrx_word' id='word_1_86' title='bbox 326 2020 541 2097; x_wconf 88' lang='lat' dir='ltr'>suppeditare</span> <span class='ocrx_word' id='word_1_87' title='bbox 559 2040 679 2082; x_wconf 92' lang='lat' dir='ltr'>nouom</span> <span class='ocrx_word' id='word_1_88' title='bbox 696 2021 817 2096; x_wconf 90' lang='lat' dir='ltr'>lumen,</span> <span class='ocrx_word' id='word_1_89' title='bbox 836 2027 975 2082; x_wconf 87' lang='lat' dir='ltr'>tremere</span> <span class='ocrx_word' id='word_1_90' title='bbox 994 2021 1127 2098; x_wconf 85' lang='lat' dir='ltr'>ignibus</span> <span class='ocrx_word' id='word_1_91' title='bbox 1144 2020 1280 2097; x_wconf 85' lang='lat' dir='ltr'>instant,</span> 
     </span>
     <span class='ocr_line' id='line_1_16' title="bbox 327 2129 1226 2208; baseline 0.003 -18"><span class='ocrx_word' id='word_1_92' title='bbox 327 2129 462 2205; x_wconf 89' lang='lat' dir='ltr'>instant,</span> <span class='ocrx_word' id='word_1_93' title='bbox 480 2150 539 2192; x_wconf 87' lang='lat' dir='ltr'>nec</span> <span class='ocrx_word' id='word_1_94' title='bbox 555 2131 625 2193; x_wconf 89' lang='lat' dir='ltr'>loca</span> <span class='ocrx_word' id='word_1_95' title='bbox 641 2131 700 2192; x_wconf 85' lang='lat' dir='ltr'>lux</span> <span class='ocrx_word' id='word_1_96' title='bbox 717 2130 804 2193; x_wconf 87' lang='lat' dir='ltr'>inter</span> <span class='ocrx_word' id='word_1_97' title='bbox 821 2130 915 2207; x_wconf 90' lang='lat' dir='ltr'>quasi</span> <span class='ocrx_word' id='word_1_98' title='bbox 932 2137 1034 2208; x_wconf 91' lang='lat' dir='ltr'>rupta</span> <span class='ocrx_word' id='word_1_99' title='bbox 1050 2130 1226 2207; x_wconf 89' lang='lat' dir='ltr'>relinquit:</span> 
     </span>
     <span class='ocr_line' id='line_1_17' title="bbox 326 2239 1176 2317; baseline -0.001 -16"><span class='ocrx_word' id='word_1_100' title='bbox 326 2259 429 2317; x_wconf 89' lang='lat' dir='ltr'>usque</span> <span class='ocrx_word' id='word_1_101' title='bbox 446 2240 526 2302; x_wconf 87' lang='lat' dir='ltr'>adeo</span> <span class='ocrx_word' id='word_1_102' title='bbox 541 2247 760 2317; x_wconf 90' lang='lat' dir='ltr'>properanter</span> <span class='ocrx_word' id='word_1_103' title='bbox 776 2241 816 2303; x_wconf 90' lang='lat' dir='ltr'>ab</span> <span class='ocrx_word' id='word_1_104' title='bbox 832 2240 983 2302; x_wconf 93' lang='lat' dir='ltr'>omnibus</span> <span class='ocrx_word' id='word_1_105' title='bbox 999 2239 1130 2317; x_wconf 90' lang='lat' dir='ltr'>ignibus</span> <span class='ocrx_word' id='word_1_106' title='bbox 1147 2240 1176 2303; x_wconf 91' lang='lat' dir='ltr'>ei</span> 
     </span>
     <span class='ocr_line' id='line_1_18' title="bbox 327 2348 1072 2426; baseline 0.001 -15"><span class='ocrx_word' id='word_1_107' title='bbox 327 2348 464 2411; x_wconf 88' lang='lat' dir='ltr'>exitium</span> <span class='ocrx_word' id='word_1_108' title='bbox 479 2349 577 2412; x_wconf 87' lang='lat' dir='ltr'>celeri</span> <span class='ocrx_word' id='word_1_109' title='bbox 592 2350 755 2412; x_wconf 88' lang='lat' dir='ltr'>celeratur</span> <span class='ocrx_word' id='word_1_110' title='bbox 771 2349 897 2426; x_wconf 90' lang='lat' dir='ltr'>origine</span> <span class='ocrx_word' id='word_1_111' title='bbox 913 2350 1072 2412; x_wconf 88' lang='lat' dir='ltr'>fiammae.</span> 
     </span>
    </p>

    <p class='ocr_par' dir='ltr' id='par_1_7' title="bbox 283 2458 1244 2755">
     <span class='ocr_line' id='line_1_19' title="bbox 283 2458 1132 2536; baseline -0.001 -16"><span class='ocrx_word' id='word_1_112' title='bbox 283 2458 372 2520; x_wconf 87' lang='lat' dir='ltr'>-sio</span> <span class='ocrx_word' id='word_1_113' title='bbox 388 2458 492 2535; x_wconf 90' lang='lat' dir='ltr'>igitur</span> <span class='ocrx_word' id='word_1_114' title='bbox 508 2460 606 2520; x_wconf 88' lang='lat' dir='ltr'>solem</span> <span class='ocrx_word' id='word_1_115' title='bbox 622 2460 735 2521; x_wconf 88' lang='lat' dir='ltr'>lunam</span> <span class='ocrx_word' id='word_1_116' title='bbox 752 2460 927 2536; x_wconf 87' lang='lat' dir='ltr'>stellasque</span> <span class='ocrx_word' id='word_1_117' title='bbox 944 2460 1132 2536; x_wconf 90' lang='lat' dir='ltr'>putandum</span> 
     </span>
     <span class='ocr_line' id='line_1_20' title="bbox 327 2568 1052 2645; baseline 0.001 -15"><span class='ocrx_word' id='word_1_118' title='bbox 327 2589 366 2630; x_wconf 85' lang='lat' dir='ltr'>ex</span> <span class='ocrx_word' id='word_1_119' title='bbox 381 2568 445 2630; x_wconf 89' lang='lat' dir='ltr'>alio</span> <span class='ocrx_word' id='word_1_120' title='bbox 460 2576 558 2645; x_wconf 83' lang='lat' dir='ltr'>atque</span> <span class='ocrx_word' id='word_1_121' title='bbox 575 2568 640 2631; x_wconf 91' lang='lat' dir='ltr'>alio</span> <span class='ocrx_word' id='word_1_122' title='bbox 654 2570 759 2631; x_wconf 89' lang='lat' dir='ltr'>lucem</span> <span class='ocrx_word' id='word_1_123' title='bbox 775 2568 899 2631; x_wconf 89' lang='lat' dir='ltr'>iactare</span> <span class='ocrx_word' id='word_1_124' title='bbox 914 2570 1052 2631; x_wconf 91' lang='lat' dir='ltr'>subortu</span> 
     </span>
     <span class='ocr_line' id='line_1_21' title="bbox 327 2677 1244 2755; baseline 0.001 -17"><span class='ocrx_word' id='word_1_125' title='bbox 327 2684 360 2739; x_wconf 92' lang='lat' dir='ltr'>et</span> <span class='ocrx_word' id='word_1_126' title='bbox 376 2677 521 2755; x_wconf 92' lang='lat' dir='ltr'>primum</span> <span class='ocrx_word' id='word_1_127' title='bbox 539 2677 701 2755; x_wconf 90' lang='lat' dir='ltr'>quidquid</span> <span class='ocrx_word' id='word_1_128' title='bbox 720 2679 926 2740; x_wconf 88' lang='lat' dir='ltr'>flammarum</span> <span class='ocrx_word' id='word_1_129' title='bbox 944 2679 1082 2755; x_wconf 89' lang='lat' dir='ltr'>perdere</span> <span class='ocrx_word' id='word_1_130' title='bbox 1099 2698 1244 2755; x_wconf 81' lang='lat' dir='ltr'>semper3</span> 
     </span>
    </p>
   </div>
   <div class='ocr_carea' id='block_1_5' title="bbox 327 2787 1282 2958">
    <p class='ocr_par' dir='ltr' id='par_1_8' title="bbox 327 2787 1282 2958">
     <span class='ocr_line' id='line_1_22' title="bbox 327 2787 1055 2864; baseline 0.003 -17"><span class='ocrx_word' id='word_1_131' title='bbox 327 2787 533 2850; x_wconf 88' lang='lat' dir='ltr'>inuiolabilia</span> <span class='ocrx_word' id='word_1_132' title='bbox 548 2788 627 2850; x_wconf 87' lang='lat' dir='ltr'>haec</span> <span class='ocrx_word' id='word_1_133' title='bbox 643 2808 683 2848; x_wconf 93' lang='lat' dir='ltr'>ne</span> <span class='ocrx_word' id='word_1_134' title='bbox 700 2789 814 2850; x_wconf 87' lang='lat' dir='ltr'>credas</span> <span class='ocrx_word' id='word_1_135' title='bbox 830 2787 917 2850; x_wconf 81' lang='lat' dir='ltr'>forte</span> <span class='ocrx_word' id='word_1_136' title='bbox 933 2787 1055 2864; x_wconf 89' lang='lat' dir='ltr'>uigere.</span> 
     </span>
     <span class='ocr_line' id='line_1_23' title="bbox 431 2893 1282 2958; baseline 0 -16"><span class='ocrx_word' id='word_1_137' title='bbox 431 2894 481 2942; x_wconf 91' lang='lat' dir='ltr'>DE</span> <span class='ocrx_word' id='word_1_138' title='bbox 502 2893 706 2943; x_wconf 77' lang='lat' dir='ltr'>AEDIFIOIIS</span> <span class='ocrx_word' id='word_1_139' title='bbox 729 2893 1036 2958; x_wconf 80' lang='lat' dir='ltr'><strong>QVEMADMODVM</strong></span> <span class='ocrx_word' id='word_1_140' title='bbox 1058 2893 1282 2943; x_wconf 77' lang='lat' dir='ltr'><strong>INTEREANT</strong></span> 
     </span>
    </p>
   </div>
   <div class='ocr_carea' id='block_1_6' title="bbox 230 2982 1305 3937">
    <p class='ocr_par' dir='ltr' id='par_1_9' title="bbox 230 2982 1305 3937">
     <span class='ocr_line' id='line_1_24' title="bbox 390 2982 1305 3061; baseline -0.002 -15"><span class='ocrx_word' id='word_1_141' title='bbox 390 2984 540 3061; x_wconf 92' lang='lat' dir='ltr'>Denique</span> <span class='ocrx_word' id='word_1_142' title='bbox 556 3005 623 3046; x_wconf 91' lang='lat' dir='ltr'>non</span> <span class='ocrx_word' id='word_1_143' title='bbox 638 2984 766 3061; x_wconf 90' lang='lat' dir='ltr'>lapides</span> <span class='ocrx_word' id='word_1_144' title='bbox 782 3004 910 3061; x_wconf 93' lang='lat' dir='ltr'>quoque</span> <span class='ocrx_word' id='word_1_145' title='bbox 926 2983 1018 3046; x_wconf 89' lang='lat' dir='ltr'>uinci</span> <span class='ocrx_word' id='word_1_146' title='bbox 1034 2982 1141 3046; x_wconf 88' lang='lat' dir='ltr'>cernis</span> <span class='ocrx_word' id='word_1_147' title='bbox 1158 2983 1198 3045; x_wconf 96' lang='lat' dir='ltr'>ab</span> <span class='ocrx_word' id='word_1_148' title='bbox 1215 3002 1305 3058; x_wconf 88' lang='lat' dir='ltr'>aeuo,</span> 
     </span>
     <span class='ocr_line' id='line_1_25' title="bbox 327 3094 1092 3170; baseline -0.001 -15"><span class='ocrx_word' id='word_1_149' title='bbox 327 3115 394 3157; x_wconf 93' lang='lat' dir='ltr'>non</span> <span class='ocrx_word' id='word_1_150' title='bbox 411 3096 495 3157; x_wconf 86' lang='lat' dir='ltr'>altas</span> <span class='ocrx_word' id='word_1_151' title='bbox 512 3094 616 3156; x_wconf 90' lang='lat' dir='ltr'>turris</span> <span class='ocrx_word' id='word_1_152' title='bbox 634 3113 729 3156; x_wconf 89' lang='lat' dir='ltr'>ruere</span> <span class='ocrx_word' id='word_1_153' title='bbox 748 3100 780 3156; x_wconf 89' lang='lat' dir='ltr'>et</span> <span class='ocrx_word' id='word_1_154' title='bbox 798 3098 985 3170; x_wconf 89' lang='lat' dir='ltr'>putrescere</span> <span class='ocrx_word' id='word_1_155' title='bbox 1004 3113 1092 3168; x_wconf 84' lang='lat' dir='ltr'>saxa,</span> 
     </span>
     <span class='ocr_line' id='line_1_26' title="bbox 327 3201 1199 3279; baseline -0.003 -15"><span class='ocrx_word' id='word_1_156' title='bbox 327 3224 393 3266; x_wconf 93' lang='lat' dir='ltr'>non</span> <span class='ocrx_word' id='word_1_157' title='bbox 413 3205 550 3267; x_wconf 88' lang='lat' dir='ltr'>delubra</span> <span class='ocrx_word' id='word_1_158' title='bbox 568 3205 664 3266; x_wconf 90' lang='lat' dir='ltr'>deum</span> <span class='ocrx_word' id='word_1_159' title='bbox 683 3202 923 3279; x_wconf 89' lang='lat' dir='ltr'>simulacraque</span> <span class='ocrx_word' id='word_1_160' title='bbox 942 3202 1029 3265; x_wconf 81' lang='lat' dir='ltr'>fessa</span> <span class='ocrx_word' id='word_1_161' title='bbox 1047 3201 1168 3277; x_wconf 84' lang='lat' dir='ltr'>fatisci,</span> <span class='ocrx_word' id='word_1_162' title='bbox 1195 3270 1199 3278; x_wconf 23' lang='lat'>⁵</span> 
     </span>
     <span class='ocr_line' id='line_1_27' title="bbox 327 3311 1057 3389; baseline -0.003 -14"><span class='ocrx_word' id='word_1_163' title='bbox 327 3334 386 3376; x_wconf 87' lang='lat' dir='ltr'>nec</span> <span class='ocrx_word' id='word_1_164' title='bbox 403 3320 553 3376; x_wconf 89' lang='lat' dir='ltr'>sanctum</span> <span class='ocrx_word' id='word_1_165' title='bbox 569 3332 691 3375; x_wconf 90' lang='lat' dir='ltr'>numen</span> <span class='ocrx_word' id='word_1_166' title='bbox 708 3312 772 3374; x_wconf 80' lang='lat' dir='ltr'>fati</span> <span class='ocrx_word' id='word_1_167' title='bbox 790 3313 966 3389; x_wconf 87' lang='lat' dir='ltr'>protollere</span> <span class='ocrx_word' id='word_1_168' title='bbox 982 3311 1057 3373; x_wconf 91' lang='lat' dir='ltr'>finis</span> 
     </span>
     <span class='ocr_line' id='line_1_28' title="bbox 327 3420 1121 3501; baseline -0.003 -16"><span class='ocrx_word' id='word_1_169' title='bbox 327 3443 420 3501; x_wconf 88' lang='lat' dir='ltr'>posse</span> <span class='ocrx_word' id='word_1_170' title='bbox 434 3444 539 3500; x_wconf 87' lang='lat' dir='ltr'>neque</span> <span class='ocrx_word' id='word_1_171' title='bbox 555 3423 714 3485; x_wconf 89' lang='lat' dir='ltr'>aduersus</span> <span class='ocrx_word' id='word_1_172' title='bbox 729 3428 869 3484; x_wconf 88' lang='lat' dir='ltr'>naturae</span> <span class='ocrx_word' id='word_1_173' title='bbox 885 3420 1022 3484; x_wconf 81' lang='lat' dir='ltr'>foedera</span> <span class='ocrx_word' id='word_1_174' title='bbox 1036 3420 1121 3483; x_wconf 82' lang='lat' dir='ltr'>nitil</span> 
     </span>
     <span class='ocr_line' id='line_1_29' title="bbox 328 3529 1215 3610; baseline -0.006 -15"><span class='ocrx_word' id='word_1_175' title='bbox 328 3533 468 3610; x_wconf 89' lang='lat' dir='ltr'>denique</span> <span class='ocrx_word' id='word_1_176' title='bbox 486 3552 552 3594; x_wconf 89' lang='lat' dir='ltr'>non</span> <span class='ocrx_word' id='word_1_177' title='bbox 569 3531 770 3593; x_wconf 90' lang='lat' dir='ltr'>monimenta</span> <span class='ocrx_word' id='word_1_178' title='bbox 786 3530 898 3592; x_wconf 93' lang='lat' dir='ltr'>uirum</span> <span class='ocrx_word' id='word_1_179' title='bbox 916 3530 1046 3608; x_wconf 90' lang='lat' dir='ltr'>dilapsa</span> <span class='ocrx_word' id='word_1_180' title='bbox 1063 3529 1215 3592; x_wconf 89' lang='lat' dir='ltr'>uidemus</span> 
     </span>
     <span class='ocr_line' id='line_1_30' title="bbox 330 3639 1277 3719; baseline -0.005 -14"><span class='ocrx_word' id='word_1_181' title='bbox 330 3643 505 3719; x_wconf 77' lang='lat' dir='ltr'>tquaerere</span> <span class='ocrx_word' id='word_1_182' title='bbox 524 3661 687 3719; x_wconf 93' lang='lat' dir='ltr'>proporro</span> <span class='ocrx_word' id='word_1_183' title='bbox 704 3640 766 3703; x_wconf 90' lang='lat' dir='ltr'>sibi</span> <span class='ocrx_word' id='word_1_184' title='bbox 786 3660 924 3716; x_wconf 89' lang='lat' dir='ltr'>cumque</span> <span class='ocrx_word' id='word_1_185' title='bbox 943 3659 1108 3702; x_wconf 85' lang='lat' dir='ltr'>senescere</span> <span class='ocrx_word' id='word_1_186' title='bbox 1127 3640 1241 3702; x_wconf 84' lang='lat' dir='ltr'>credas</span> <span class='ocrx_word' id='word_1_187' title='bbox 1263 3639 1277 3709; x_wconf 88' lang='lat'>†</span> 
     </span>
     <span class='ocr_line' id='line_1_31' title="bbox 230 3748 1081 3814; baseline -0.005 0"><span class='ocrx_word' id='word_1_188' title='bbox 230 3757 232 3760; x_wconf 75' lang='grc'>’</span> <span class='ocrx_word' id='word_1_189' title='bbox 327 3772 394 3814; x_wconf 92' lang='lat' dir='ltr'>non</span> <span class='ocrx_word' id='word_1_190' title='bbox 410 3771 505 3814; x_wconf 89' lang='lat' dir='ltr'>ruere</span> <span class='ocrx_word' id='word_1_191' title='bbox 523 3752 650 3814; x_wconf 85' lang='lat' dir='ltr'>auolsos</span> <span class='ocrx_word' id='word_1_192' title='bbox 666 3750 772 3812; x_wconf 88' lang='lat' dir='ltr'>silices</span> <span class='ocrx_word' id='word_1_193' title='bbox 787 3771 806 3812; x_wconf 90' lang='lat' dir='ltr'>a</span> <span class='ocrx_word' id='word_1_194' title='bbox 822 3748 988 3811; x_wconf 92' lang='lat' dir='ltr'>montibus</span> <span class='ocrx_word' id='word_1_195' title='bbox 1005 3748 1081 3812; x_wconf 89' lang='lat' dir='ltr'>altis</span> 
     </span>
     <span class='ocr_line' id='line_1_32' title="bbox 326 3857 1049 3937; baseline -0.011 -8"><span class='ocrx_word' id='word_1_196' title='bbox 326 3882 386 3929; x_wconf 86' lang='lat' dir='ltr'>neo</span> <span class='ocrx_word' id='word_1_197' title='bbox 402 3861 532 3924; x_wconf 88' lang='lat' dir='ltr'>ualidas</span> <span class='ocrx_word' id='word_1_198' title='bbox 550 3860 624 3923; x_wconf 88' lang='lat' dir='ltr'>aeui</span> <span class='ocrx_word' id='word_1_199' title='bbox 640 3859 729 3922; x_wconf 89' lang='lat' dir='ltr'>uires</span> <span class='ocrx_word' id='word_1_200' title='bbox 746 3858 896 3937; x_wconf 83' lang='lat' dir='ltr'>perferre</span> <span class='ocrx_word' id='word_1_201' title='bbox 913 3857 1049 3936; x_wconf 88' lang='lat' dir='ltr'>patique</span> 
     </span>
    </p>
   </div>
   <div class='ocr_carea' id='block_1_7' title="bbox 338 3991 1231 4124">
    <p class='ocr_par' dir='ltr' id='par_1_10' title="bbox 338 3991 1231 4124">
     <span class='ocr_line' id='line_1_33' title="bbox 338 3991 592 4053; baseline -0.012 -10"><span class='ocrx_word' id='word_1_202' title='bbox 338 3994 389 4043; x_wconf 85' lang='lat'>301</span> <span class='ocrx_word' id='word_1_203' title='bbox 399 3993 472 4053; x_wconf 75' lang='lat' dir='ltr'>culp.</span> <span class='ocrx_word' id='word_1_204' title='bbox 487 3991 592 4042; x_wconf 88' lang='lat' dir='ltr'>celatur</span> 
     </span>
     <span class='ocr_line' id='line_1_34' title="bbox 339 4057 1231 4124; baseline -0.006 -13"><span class='ocrx_word' id='word_1_205' title='bbox 339 4062 389 4111; x_wconf 83' lang='lat'>312</span> <span class='ocrx_word' id='word_1_206' title='bbox 401 4061 467 4122; x_wconf 74' lang='lat' dir='ltr'>sort.</span> <span class='ocrx_word' id='word_1_207' title='bbox 485 4059 650 4124; x_wconf 88' lang='lat' dir='ltr'>conquerier</span> <span class='ocrx_word' id='word_1_208' title='bbox 665 4073 749 4123; x_wconf 93' lang='lat' dir='ltr'>porro</span> <span class='ocrx_word' id='word_1_209' title='bbox 764 4057 821 4108; x_wconf 83' lang='lat' dir='ltr'>sibi</span> <span class='ocrx_word' id='word_1_210' title='bbox 837 4071 955 4123; x_wconf 87' lang='lat' dir='ltr'>cumque</span> <span class='ocrx_word' id='word_1_211' title='bbox 972 4071 1117 4108; x_wconf 86' lang='lat' dir='ltr'>senescere</span> <span class='ocrx_word' id='word_1_212' title='bbox 1133 4060 1231 4122; x_wconf 82' lang='lat' dir='ltr'>petras</span> 
     </span>
    </p>
   </div>
   <div class='ocr_carea' id='block_1_8' title="bbox 822 4175 896 4227">
    <p class='ocr_par' dir='ltr' id='par_1_11' title="bbox 822 4175 896 4227">
     <span class='ocr_line' id='line_1_35' title="bbox 822 4175 896 4227; baseline -0.014 -10"><span class='ocrx_word' id='word_1_213' title='bbox 822 4175 896 4227; x_wconf 74' lang='lat'>[174]</span> 
     </span>
    </p>
   </div>
   <div class='ocr_carea' id='block_1_9' title="bbox 0 0 1600 4682">
    <p class='ocr_par' dir='ltr' id='par_1_12' title="bbox 0 0 1600 4682">
     <span class='ocr_line' id='line_1_36' title="bbox 0 0 1600 4682; baseline 0 0"><span class='ocrx_word' id='word_1_214' title='bbox 0 0 1600 4682; x_wconf 95' lang='lat' dir='ltr'> </span> 
     </span>
    </p>
   </div>
  </div>
 </body>
</html>
