3234 4686
557 400 587 448 T.
608 399 771 451 LVGRETI
791 399 879 449 carl

181 631 258 673 cum
276 611 465 692 doctoribus
483 613 619 675 armatis
636 612 807 690 saeuisque
825 612 993 689 magistris

182 720 241 797 qui
258 721 460 784 moderarier
476 721 528 783 his
544 727 676 799 possent
692 722 876 799 uinclisque
893 729 1014 798 tenere,

140 829 394 907 -nequiquam
412 830 567 908 quoniam
583 830 749 909 permixta
765 831 862 894 caede
879 831 1022 893 calentes

183 941 365 1003 turbabant
384 939 476 1003 saeui
496 941 589 1002 nullo
610 940 797 1003 discrimine
818 947 955 1016 turmas,

183 1047 345 1111 terrificas
362 1049 510 1143 capitum
526 1049 706 1127 quatientis
722 1049 869 1126 undique
887 1049 1013 1125 cristas,

184 1178 243 1220 nec
262 1164 417 1235 poterant
434 1158 560 1235 equites
579 1158 717 1222 fremitu
735 1158 914 1236 perterrita
932 1178 1091 1235 equorum

185 1273 319 1345 pectora
336 1269 478 1330 mulcere
498 1275 530 1331 et
549 1268 654 1330 frenis
672 1276 863 1331 conuertere
881 1267 916 1329 in
933 1267 1045 1330 hostis.

184 1376 325 1440 inritata
341 1377 412 1440 leae
427 1377 591 1441 iaciebant
609 1397 748 1455 corpora
764 1378 851 1440 saltu

185 1485 332 1563 undique
348 1492 381 1549 et
396 1487 574 1549 aduersum
588 1486 799 1549 uenientibus
816 1507 873 1549 ora
889 1488 1047 1564 petebant

118 1584 120 1588 ยน
186 1601 218 1658 et
232 1616 292 1657 nec
306 1595 475 1673 opinantis
489 1617 508 1658 a
522 1602 616 1674 tergo
630 1595 839 1673 deripiebant

186 1705 407 1782 deplexaeque
422 1705 548 1767 dabant
564 1705 600 1766 in
615 1711 740 1768 terram
755 1705 889 1766 uolnere
906 1704 1021 1780 uictos,

186 1813 347 1876 morsibus
365 1813 492 1877 adfixae
509 1813 631 1876 ualidis
650 1821 748 1891 atque
766 1814 935 1891 unguibus
952 1814 1055 1877 uncis.

185 1921 418 2000 iactabantque
434 1942 510 1985 suos
525 1923 615 1985 tauri
631 1923 834 2001 pedibusque
851 1925 1003 1986 terebant

186 2039 219 2094 et
233 2032 340 2095 latera
355 2052 392 2094 ac
407 2037 541 2095 uentres
556 2032 736 2095 hauribant
752 2038 868 2109 supter
884 2053 1042 2110 equorum

187 2140 341 2203 cornibus
357 2148 390 2203 et
406 2148 531 2203 terram
546 2141 717 2204 minitanti
734 2148 842 2204 mente
858 2143 1009 2204 ruebant.

188 2258 219 2312 ct
235 2250 358 2313 ualidis
374 2250 476 2313 socios
494 2252 673 2314 caedebant
691 2250 846 2313 dentibus
863 2251 938 2328 apri

187 2360 252 2422 tela
270 2359 416 2422 infracta
433 2380 492 2422 suo
507 2360 696 2436 tinguentes
713 2359 873 2438 sanguine
890 2360 990 2436 saeui,

187 2468 222 2530 in
238 2489 271 2532 se
288 2468 398 2532 fracta
414 2489 475 2531 suo
489 2469 679 2546 tinguentes
696 2469 856 2547 sanguine
872 2470 948 2546 tela,

188 2578 431 2655 permixtasque
447 2578 572 2641 dabant
588 2578 736 2655 equitum
752 2578 966 2656 peditumque
984 2577 1107 2642 ruinas

188 2708 264 2750 nam
279 2695 471 2750 transuersa
487 2687 576 2751 feros
590 2687 724 2751 exibant
741 2688 849 2751 dentis
866 2689 1003 2751 adactus

188 2796 336 2859 iumenta
353 2804 412 2859 aut
430 2796 569 2874 pedibus
586 2803 702 2859 uentos
721 2803 829 2859 erecta
847 2798 1013 2875 petebant,

149 2906 397 2983 -nequiquam,
415 2905 570 2983 quoniam
587 2907 628 2969 ab
646 2905 759 2968 neruis
775 2906 901 2969 succisa
918 2906 1048 2969 uideres

188 3015 472 3092 concidereatque
490 3014 586 3092 graui
602 3021 726 3078 terram
743 3021 950 3078 consternere
968 3035 1055 3078 casu.

188 3123 297 3201 siquos
313 3131 389 3186 ante
405 3124 494 3185 domi
509 3124 649 3186 domitos
664 3123 745 3186 satis
762 3144 828 3185 esse
846 3125 1019 3201 putabant,

189 3234 399 3296 efferuescere
417 3235 594 3295 cernebant
611 3233 646 3294 in
664 3235 761 3295 rebus
778 3233 920 3311 agundis

188 3342 379 3406 uolneribus
396 3343 536 3405 clamore
555 3341 637 3420 fuga
655 3348 781 3406 terrore
799 3343 956 3419 tumultu,

189 3472 246 3514 nec
263 3459 418 3530 poterant
434 3453 537 3514 ullam
554 3459 682 3530 partem
699 3452 877 3514 redducere
895 3472 1024 3527 eorum3

189 3562 385 3640 diffugiebat
403 3561 490 3625 enim
507 3560 640 3623 narium
658 3581 761 3638 genus
780 3581 873 3623 omne
892 3560 1058 3636 ferarum3

189 3678 226 3734 ut
240 3692 329 3734 nunc
344 3691 440 3748 saepe
455 3672 554 3733 boues
569 3671 661 3732 lucae
677 3670 769 3732 ferro
783 3670 867 3732 male
882 3676 1007 3732 mactae

190 3780 381 3859 diffugiunt,
400 3780 472 3843 fera
488 3779 579 3842 facta
595 3779 752 3841 suiacum
768 3779 873 3841 multa
890 3780 1018 3842 dedere.

176 3889 218 3965 (si
234 3889 301 3953 fuit
317 3896 356 3953 ut
372 3889 538 3952 facerent:
555 3889 612 3951 sed
629 3887 688 3949 uix
704 3887 850 3950 adducor
866 3893 904 3949 ut
921 3895 997 3950 ante

184 4020 332 4082 1325ou19.
350 4019 443 4068 fronte
479 4019 545 4079 fort.
564 4022 658 4068 mento
676 4018 829 4068 minitante

683 4169 756 4221 [209]
