3234 4684
490 438 541 488 DE
559 437 691 487 RERVM
708 436 862 488 NATVRA
883 436 900 485 Ι

173 653 233 730 qui
251 660 359 731 posset
377 657 483 714 mater
501 653 599 715 rebus
617 650 792 713 consistere
811 653 922 713 certat

174 768 210 825 ct
226 783 315 825 nunc
331 761 510 825 seminibus
526 761 604 839 quia
620 761 718 824 certis
735 781 882 838 quaeque
899 766 1065 835 creantur,

174 872 251 935 inde
266 872 433 934 enascitur
448 878 546 948 atque
561 891 635 934 oras
649 871 684 931 in
697 869 833 932 luminis
847 869 924 946 exit,

174 982 327 1045 materies
341 981 400 1044 ubi
415 981 500 1044 inest
515 980 672 1058 cuiusque
688 987 720 1043 et
735 999 874 1057 corpora
890 978 1015 1057 prima3

175 1097 274 1168 atque
289 1091 350 1153 hac
366 1112 401 1154 re
417 1098 585 1168 nequeunt
601 1110 641 1151 ex
656 1089 808 1152 omnibus
822 1089 931 1152 omnia
947 1088 1049 1166 gigni,

174 1201 262 1278 quod
279 1199 376 1263 certis
392 1200 427 1261 in
442 1202 540 1263 rebus
555 1199 640 1261 inest
656 1205 782 1262 secreta
798 1198 950 1261 facultas.

125 1317 346 1387 —praeterea
363 1330 422 1372 cur
438 1329 515 1371 uere
531 1329 648 1385 rosam,
666 1296 837 1371 frumenta
853 1309 969 1384 calore,

174 1419 261 1482 uites
276 1426 435 1483 autumno
452 1418 552 1480 fundi
567 1419 727 1482 suadente
743 1419 903 1493 uidemus,

174 1529 203 1591 si
219 1549 294 1604 non,
311 1534 400 1591 certa
415 1548 474 1591 suo
490 1528 568 1605 quia
583 1534 730 1605 tempore
746 1528 871 1590 semina
886 1547 997 1589 rerum

174 1659 249 1700 cum
266 1638 504 1713 confluxerunt,
523 1638 638 1714 patefit
655 1638 882 1715 quodcumque
899 1644 1040 1713 creatur,

173 1748 254 1809 dum
269 1753 479 1824 tempestates
495 1748 617 1810 adsunt
633 1753 665 1809 et
680 1746 797 1808 uiuida
812 1747 910 1808 tellus

173 1863 249 1919 tuto
263 1877 315 1918 res
329 1864 460 1919 teneras
474 1857 569 1919 effert
585 1856 621 1918 in
636 1855 771 1918 luminis
786 1858 880 1917 orast

173 1966 262 2042 quod
280 1965 308 2027 si
326 1966 366 2029 de
384 1966 488 2027 nihilo
506 1966 632 2042 fierent,
651 1965 760 2027 subito
778 1970 992 2028 exorerentur

172 2075 300 2137 incerto
315 2075 424 2152 spatio
439 2083 538 2152 atque
554 2075 671 2138 alienis
686 2075 838 2151 partibus
855 2074 944 2150 anni,

173 2184 298 2262 quippe
314 2184 372 2246 ubi
389 2185 482 2247 nulla
499 2184 610 2246 forent
628 2184 812 2261 primordia
829 2204 911 2260 quae
930 2183 1067 2260 genitali

173 2293 312 2355 concilio
328 2300 459 2371 possent
476 2293 582 2356 arceri
598 2301 745 2370 tempore
761 2293 884 2370 iniquo,

128 2422 233 2465 -oec
248 2423 347 2480 porro
361 2403 521 2480 augendis
536 2405 633 2465 rebus
648 2402 756 2480 spatio
770 2402 858 2465 10101
872 2423 951 2465 usus

172 2511 306 2575 seminis
320 2513 362 2575 ad
377 2512 508 2588 coitum,
523 2512 551 2574 si
565 2535 581 2576 e
596 2512 666 2574 nilo
679 2532 822 2575 crescere
837 2518 986 2589 possent;

172 2642 250 2684 nam
266 2621 382 2684 fierent
400 2622 536 2684 iuuenes
552 2622 660 2684 subito
676 2642 715 2683 ex
731 2621 916 2684 infantibu'
934 2621 1049 2699 paruis

173 2753 190 2794 e
204 2737 359 2808 terraque
375 2738 489 2795 exorta
503 2738 639 2808 repente
654 2732 790 2794 arbusta
805 2731 951 2793 salirent.

174 2860 314 2918 quorum
329 2840 378 2902 nil
392 2840 464 2901 fieri
479 2839 693 2903 manifestum
708 2848 765 2915 est,
783 2840 893 2903 omnia
908 2840 1041 2917 quando

174 2949 335 3027 paulatim
351 2956 511 3026 crescunt,
528 2957 566 3012 111
582 2970 644 3026 par
661 2957 718 3026 est,
735 2950 856 3013 semine
873 2957 971 3026 certo,

173 3066 415 3136 crescentesque
432 3079 535 3136 genus
550 3067 703 3135 seruant;
719 3065 757 3121 ut
773 3078 904 3121 noscere
921 3059 1024 3136 possis

173 3168 312 3244 quicque
327 3189 387 3231 sua
402 3169 441 3231 de
456 3168 596 3231 materia
611 3168 826 3246 grandescere
842 3168 960 3245 alique.

130 3277 236 3339 —liuc
253 3277 378 3340 accedit
394 3277 445 3339 1111
461 3277 530 3339 sine
547 3278 645 3340 certis
661 3277 823 3340 imbribus
838 3278 918 3341 anni

173 3386 329 3449 laetificos
344 3393 486 3463 nequeat
503 3386 593 3449 fetus
609 3387 802 3450 submittere
818 3389 917 3450 tellus

172 3516 231 3558 nec
247 3516 347 3572 porro
363 3504 487 3559 secreta
503 3496 575 3558 cibo
590 3504 712 3559 natura
730 3497 937 3559 animantum

173 3624 357 3682 propagare
377 3625 479 3682 genus
498 3606 601 3682 possit
619 3606 788 3683 uitamque
806 3606 911 3683 tueri;

172 3720 209 3774 ut
228 3714 339 3791 potius
357 3713 471 3776 multis
489 3716 675 3778 communia
692 3736 830 3792 corpora
847 3717 945 3778 rebus

173 3824 277 3886 multa
293 3830 390 3901 putes
406 3843 483 3899 esse,
499 3830 537 3886 ut
554 3825 665 3886 uerbis
682 3826 841 3888 elementa
858 3825 1018 3901 uidemus,

173 3951 270 4008 quam
287 3932 357 3994 sine
375 3932 550 4010 principiis
567 3934 670 3996 ullam
687 3954 756 3996 rem
775 3934 912 3996 existere
931 3954 1032 4011 posse.

133 4041 312 4120 —denique
329 4063 389 4105 cur
405 4042 552 4105 homines
569 4050 679 4106 tantos
696 4051 818 4106 natura
835 4062 955 4120 parare

687 4226 728 4278 [71
