3234 4684
616 446 669 499 DE
686 447 819 499 unm
835 447 992 499 Narras
1010 447 1044 499 11

315 662 443 740 gratius
459 662 637 741 interdum,
653 685 759 742 neque
774 671 897 728 natura
912 663 985 742 ipsa
1000 662 1159 742 requirit;

271 771 342 834 -si
358 791 424 834 non
441 792 542 836 aurea
558 779 636 836 sunt
653 772 812 836 iuuenum
828 772 1005 837 simulacra
1021 793 1081 851 per
1098 774 1195 837 aedes

313 881 485 959 lampadas
502 881 663 960 igniferas
679 883 831 946 manibus
847 882 1025 946 retinentia
1041 882 1178 961 dextris,

314 990 441 1055 lumina
457 992 628 1055 nocturnis
645 991 752 1070 epulis
768 999 807 1057 ut
822 992 1090 1071 suppeditentur,

313 1122 373 1165 nec
388 1101 505 1165 domus
520 1108 659 1180 argento
674 1102 782 1180 fulget
799 1122 944 1180 auroque
960 1103 1090 1166 renidet
1139 1092 1141 1096 ⁸
1250 1108 1255 1119 ’

313 1232 374 1275 nec
389 1211 536 1275 citharae
552 1213 689 1275 reboant
705 1213 860 1290 laqueata
875 1214 1058 1290 aurataque
1073 1213 1215 1290 templa3

299 1323 389 1399 (curn
407 1327 517 1385 tamen
535 1321 623 1385 inter
639 1342 672 1386 se
689 1323 849 1400 prostrati
867 1322 902 1384 in
920 1322 1068 1400 gramine
1086 1321 1176 1385 molli

314 1435 452 1508 propter
467 1450 571 1507 aquae
585 1430 697 1493 riuum
711 1432 771 1493 sub
786 1430 887 1493 ramis
901 1431 1028 1494 arboris
1043 1431 1129 1495 altae

313 1560 381 1603 non
397 1539 527 1618 magnis
541 1541 660 1617 opibus
676 1539 819 1604 iucunde
836 1560 974 1618 corpora
991 1547 1120 1618 curant,

314 1649 509 1728 praesertim
524 1670 598 1714 curn
613 1657 792 1728 tempestas
806 1650 938 1714 adridet
953 1656 986 1714 et
1001 1650 1081 1714 anni

313 1767 464 1837 tempora
481 1766 704 1838 conspergunt
722 1760 902 1822 uiridantis
919 1760 1055 1822 floribus
1071 1759 1221 1836 herbas).

314 1889 373 1933 nec
389 1869 514 1934 calidae
530 1869 628 1932 citius
643 1869 807 1933 decedunt
822 1889 958 1947 corpore
974 1870 1092 1947 febres,

313 1978 485 2043 textilibus
499 1979 528 2041 si
542 1979 577 2040 in
592 1979 733 2057 picturis
748 1986 900 2056 ostroque
916 1979 1050 2043 rubenti

315 2088 456 2167 iacteris,
472 2089 613 2167 quamsi
628 2089 663 2151 in
678 2070 806 2167 plebeia
820 2096 911 2153 ueste
926 2090 1115 2153 cubandum
1129 2097 1187 2153 est.

271 2206 519 2276 —quapropter
535 2198 690 2276 quoniam
705 2199 754 2260 nil
767 2205 882 2261 nostro
896 2199 931 2261 in
947 2218 1082 2277 corpore
1099 2220 1196 2277 gazae
1272 2188 1276 2195 ’

315 2307 493 2386 proficiunt
508 2329 614 2386 neque
629 2308 785 2372 nobilitas
799 2329 859 2372 neo
876 2308 980 2386 gloria
997 2308 1101 2387 regni,

314 2419 402 2495 quod
417 2425 576 2496 superest,
592 2419 703 2482 animo
716 2438 844 2496 quoque
858 2418 906 2480 nil
922 2419 1075 2497 prodesse
1091 2419 1295 2496 putandum3

314 2529 343 2590 si
356 2549 423 2591 non
438 2528 526 2592 forte
540 2535 616 2591 tuas
629 2528 773 2606 legiones
788 2549 848 2606 per
862 2529 933 2591 loca
948 2529 1057 2605 campi

315 2638 446 2702 feruere
462 2659 536 2701 curn
550 2637 666 2701 uideas
679 2638 758 2701 belli
772 2638 948 2701 simulacra
964 2637 1090 2714 cientis,

314 2747 469 2811 subsidiis
486 2747 615 2826 magnis
633 2747 801 2825 equitatus
818 2747 1053 2823 constabilitae,

315 2865 450 2922 ornatas
467 2858 569 2921 armis
590 2867 763 2936 <porro>
788 2857 979 2935 pariterque
998 2856 1170 2934 animatas,

315 2967 446 3032 feruere
464 2989 538 3031 cum
556 2968 671 3030 uideas
688 2969 823 3031 classem
839 2967 971 3043 lateque
988 2966 1116 3046 uagari,

314 3077 366 3140 his
381 3077 444 3140 tibi
458 3084 531 3141 turn
547 3080 646 3139 rebus
660 3077 849 3140 timefactae
866 3076 1040 3153 religiones

314 3187 480 3265 effugiunt
496 3187 606 3250 animo
620 3187 781 3264 pauidae;
796 3185 976 3263 mortisque
992 3185 1125 3249 timores

314 3303 391 3359 tum
399 3317 543 3360 uacuum
556 3302 671 3374 peetus
686 3296 815 3358 lincunt
830 3315 974 3372 curaque
988 3297 1142 3358 solutum.

271 3407 402 3485 —quod
418 3406 446 3469 si
460 3406 604 3469 ridicula
616 3407 695 3469 haec
710 3405 920 3482 ludibriaque
936 3426 1003 3469 esse
1017 3405 1178 3482 uidemus,

314 3537 350 3579 re
364 3536 509 3594 ueraque
525 3523 631 3578 metus
646 3515 816 3579 hominum
833 3534 995 3592 curaeque
1010 3533 1163 3591 sequaces

314 3647 374 3690 nec
390 3632 544 3690 metuunt
560 3625 688 3687 sonitus
704 3645 870 3688 armorum
887 3646 946 3687 nec
963 3624 1038 3687 fera
1053 3624 1119 3687 tela

315 3736 536 3813 audacterque
554 3735 641 3797 inter
658 3755 750 3813 reges
766 3754 942 3812 rerumque
959 3733 1104 3812 potentis

313 3852 493 3909 uersentur
507 3864 613 3921 neque
630 3843 795 3922 fulgorem
811 3850 1007 3907 reuerentur
1024 3844 1064 3906 ab
1081 3862 1163 3906 auro

313 3976 373 4018 neo
388 3956 514 4018 clarum
529 3954 631 4018 uestis
646 3955 853 4032 splendorem
868 3952 1061 4031 purpureai,

343 4085 377 4134 42
387 4086 495 4151 epicuri

342 4155 376 4204 43
387 4155 512 4206 itastuas
818 4221 875 4271 [4⁰]
