3190 4682
537 446 567 494 T.
588 445 751 497 churrl
771 446 860 496 onst

163 680 372 737 nequaquam
389 659 483 722 nobis
502 659 666 723 diuinitus
684 681 751 724 esse
770 668 922 739 paratam

163 776 320 831 naturam
337 790 464 832 rerum:
483 776 578 832 tanta
594 777 661 832 stat
679 770 832 847 praedita
848 772 956 848 eulpa.

405 875 551 925 DIVISIO
573 876 724 926 TERRAE
744 877 819 926 VEL
840 877 982 926 VITIVM

124 966 332 1044 —prinoipio
348 973 510 1043 quantum
527 966 609 1029 oaeli
625 966 709 1043 tegit
727 966 869 1043 impetus
887 966 1012 1043 ingens,

164 1076 241 1138 inde
260 1076 393 1139 auidam
410 1082 540 1155 partem
557 1083 683 1138 montes
701 1076 868 1153 siluaeque
887 1076 1036 1139 ferarum

164 1187 346 1264 possedere,
363 1193 478 1248 tenent
494 1206 596 1264 rupes
611 1193 789 1263 uastaeque
808 1187 946 1264 paludes

164 1301 196 1356 et
212 1315 301 1357 mare
317 1296 405 1372 quod
420 1296 486 1368 late
501 1303 667 1358 terrarum
683 1295 819 1357 distinet
835 1315 918 1357 oras.

164 1405 241 1467 inde
257 1405 341 1467 duas
357 1425 457 1482 porro
473 1425 577 1482 prope
593 1405 700 1482 partis
716 1404 869 1468 feruidus
886 1406 985 1469 ardor
1027 1387 1031 1393 ’

164 1514 388 1590 adsiduusque
406 1514 470 1591 geli
487 1535 581 1577 oasus
596 1514 791 1576 mortalibus
809 1514 930 1577 aufert.

164 1623 252 1699 quod
269 1630 418 1700 superest
436 1623 519 1700 arui,
535 1630 647 1686 tamen
664 1624 698 1685 id
715 1631 837 1691 natura
852 1645 912 1687 sua
927 1624 964 1687 ui
1015 1713 1017 1717 .

164 1728 312 1794 sentibus
330 1733 481 1808 obducat,
499 1733 535 1793 ni
551 1732 603 1795 uis
619 1733 766 1796 humana
782 1734 914 1798 resistat

163 1840 248 1904 uitai
266 1861 365 1904 eausa
380 1841 495 1904 ualido
511 1849 666 1905 consueta
683 1843 810 1906 bidenti

164 1949 328 2027 ingemere
345 1957 377 2013 et
393 1957 517 2013 terram
534 1951 655 2029 pressis
671 1952 880 2029 proscindere
898 1953 1036 2029 aratris;

163 2059 193 2120 si
208 2079 275 2121 non
293 2058 453 2122 fecundas
470 2067 637 2123 uertentes
654 2081 785 2125 uomere
803 2063 913 2139 glebas

163 2167 331 2245 terraique
349 2169 454 2231 solum
472 2170 659 2247 subigentes
678 2170 781 2233 oimus
800 2172 842 2233 ad
862 2177 963 2248 ortus,

163 2284 281 2353 sponte
296 2297 356 2340 sua
370 2285 536 2354 nequeant
551 2279 695 2356 liquidas
710 2280 848 2344 existere
864 2281 899 2342 in
915 2302 1030 2357 auras;

122 2393 197 2448 —et
210 2393 322 2448 tamen
337 2385 506 2450 interdum
521 2409 641 2466 magno
655 2389 804 2466 quaesita
819 2390 930 2453 labore

164 2514 238 2557 eum
253 2495 319 2558 iam
333 2516 394 2575 per
407 2503 515 2560 terras
529 2497 688 2560 frondent
703 2506 801 2575 atque
816 2499 925 2562 omnia
940 2500 1068 2577 florent,

165 2611 223 2667 aut
241 2604 353 2667 nimiis
367 2613 473 2668 torret
490 2606 679 2670 feruoribus
695 2608 860 2670 aetherius
877 2609 925 2671 sol

165 2723 223 2778 aut
241 2715 343 2779 subiti
361 2725 535 2795 peremunt
554 2718 668 2780 imbris
686 2717 877 2795 gelidaeque
896 2718 1046 2796 pruinae,

164 2826 333 2903 flabraque
347 2832 523 2889 uentorum
539 2827 686 2911 uiolento
699 2827 833 2891 turbine
848 2834 982 2891 uexant.

163 2924 336 3012 praeterea
352 2955 455 3012 genus
470 2936 673 2999 horriferum
689 2944 811 3000 natura
827 2937 976 3000 ferarum

164 3044 327 3106 humanae
344 3044 435 3121 genti
452 3043 612 3107 infestum
629 3053 782 3123 terraque
800 3047 948 3124 marique

165 3173 224 3215 our
241 3152 301 3215 alit
318 3159 417 3230 atque
434 3158 553 3230 auget?
571 3175 630 3216 eur
647 3155 727 3217 anni
742 3162 893 3234 tempora
909 3158 1037 3219 morbos

165 3263 366 3339 adportant?
384 3283 486 3339 quare
504 3284 592 3325 mors
609 3263 777 3327 inmatura
794 3269 960 3344 uagatur?

166 3374 236 3433 tum
253 3392 352 3449 porro
367 3392 460 3450 puer,
477 3378 516 3434 ut
532 3373 639 3436 saeuis
654 3374 820 3451 proiectus
837 3376 877 3437 ab
893 3375 993 3438 undis

165 3479 290 3556 nauita,
307 3483 418 3544 nudus
434 3482 527 3544 humi
544 3483 637 3559 iacet,
656 3483 778 3560 infans,
797 3484 931 3563 indigus
947 3485 1036 3549 omni

164 3591 261 3654 uitali
276 3592 409 3669 auxilio,
424 3614 499 3655 oum
513 3593 658 3670 primum
672 3593 707 3654 in
722 3593 857 3656 luminis
872 3615 945 3657 oras

164 3701 297 3764 nixibus
314 3723 353 3764 ex
370 3702 446 3765 aluo
460 3702 577 3765 matris
593 3709 716 3765 natura
733 3702 896 3780 profudit,

164 3811 346 3888 uagituque
362 3812 469 3873 looum
484 3808 620 3890 lugubri
636 3813 786 3889 complet,
802 3819 841 3874 ut
858 3820 1002 3876 aecumst

165 3920 218 3982 oui
233 3927 367 3983 tantum
384 3920 420 3980 in
437 3920 509 3995 uita
526 3928 627 3984 restet
644 3920 787 3984 transire
804 3922 975 3984 malorum.

175 4051 224 4100 201
234 4051 285 4100 olii
299 4051 356 4100 alio

175 4119 225 4169 227
235 4119 303 4182 fort.
320 4122 407 4169 restat

659 4211 733 4263 [171]
767 4258 768 4261 ,
