3234 4686
538 465 567 513 Τ.
588 465 752 515 chaarl
771 465 860 515 CARI

159 703 223 746 nec
240 682 340 744 simili
355 684 484 745 Venere
501 682 678 745 ardescunt
693 702 752 744 nec
769 681 914 744 moribus
930 681 1007 744 unis

160 792 367 855 conueniunt
381 812 487 869 neque
501 798 579 854 sunt
594 793 707 854 eadem
722 791 868 854 iucunda
882 811 943 869 per
958 798 1060 854 artus.

115 901 290 980 —quippe
304 901 419 965 uidere
436 901 514 964 licet
529 900 743 979 pinguescere
759 921 855 977 saepe
872 900 981 963 cicuta

160 1011 355 1089 barbigeras
370 1012 521 1089 pecudes,
537 1012 662 1074 homini
678 1018 825 1089 quaeest
841 1032 915 1074 acre
929 1031 1104 1074 uenenum.

558 1118 608 1167 DE
628 1117 832 1168 OHIMAERA

115 1207 303 1282 ——flamma
321 1205 453 1284 quidem
476 1218 629 1278 <uer0>
653 1228 727 1270 cum
746 1226 883 1290 corpora
903 1207 1000 1268 fulua
1018 1208 1149 1269 leonum

160 1322 234 1378 tam
249 1316 351 1379 soleat
366 1323 492 1380 torrere
508 1323 607 1394 atque
622 1337 719 1379 urere
735 1337 833 1393 quam
849 1336 953 1393 genus
968 1335 1061 1378 omne

161 1425 303 1487 uisceris
317 1425 352 1486 in
367 1426 467 1488 terris
484 1427 711 1502 quodcumque
728 1434 761 1488 et
777 1425 948 1503 sanguinis
965 1431 1062 1502 extet,

162 1534 223 1611 qui
240 1534 311 1596 fieri
327 1535 447 1612 potuit,
464 1534 590 1612 triplici
607 1555 681 1597 cum
697 1554 832 1611 corpore
849 1541 888 1597 ut
903 1555 980 1611 una,

146 1644 276 1721 (prima
290 1645 349 1721 leo,
365 1652 531 1722 postrema
546 1646 655 1720 draco,
671 1644 779 1706 media
794 1643 883 1721 ipsa)
906 1643 1080 1707 Chimaera

163 1774 221 1817 ore
239 1753 329 1817 foras
347 1775 454 1817 acrem
471 1754 566 1816 flaret
584 1755 624 1817 de
642 1773 777 1830 corpore
794 1753 980 1816 flammam?

118 1883 268 1940 —quare
286 1863 384 1926 etiam
400 1864 519 1925 tellure
536 1883 623 1926 noua
640 1864 792 1939 caeloque
809 1862 933 1924 recenti

162 1972 249 2036 talia
265 1973 322 2049 qui
336 1972 433 2050 fingit
449 1973 594 2050 potuisse
611 1972 768 2035 animalia
785 1971 886 2050 gigni,

163 2083 265 2144 nixus
281 2082 316 2143 in
332 2083 392 2144 hoc
408 2103 476 2145 uno
491 2082 651 2145 nouitatis
666 2059 799 2145 nomine
815 2081 917 2158 inani,

163 2193 272 2255 multa
288 2193 364 2255 licet
380 2192 480 2253 simili
497 2192 624 2255 ratione
642 2191 773 2254 effutiat
791 2212 855 2267 ore,

164 2322 268 2364 aurea
283 2309 355 2363 tum
372 2301 461 2364 dicat
477 2322 537 2378 per
553 2288 661 2364 terras
676 2300 814 2364 flumina
828 2302 927 2378 uolgo

165 2411 299 2473 fluxisse
316 2418 348 2473 et
365 2411 500 2488 gemmis
516 2411 631 2473 florere
650 2412 785 2474 arbusta
802 2431 909 2473 suesse

166 2528 226 2583 aut
241 2520 405 2583 hominem
420 2528 516 2583 tanto
530 2522 750 2584 membrorum
766 2541 833 2583 esse
848 2521 969 2598 impete
984 2527 1111 2598 natum,

164 2637 261 2693 trans
275 2630 381 2693 maria
396 2631 466 2693 alta·
479 2631 601 2708 pedum
616 2631 708 2693 nisus
722 2638 760 2692 ut
777 2650 897 2708 ponere
913 2637 1022 2709 posset

165 2746 199 2803 et
214 2740 366 2802 manibus
381 2746 488 2802 tetum
504 2741 627 2802 circum
643 2761 676 2803 se
692 2747 822 2803 uertere
839 2741 974 2803 caelum.

298 2845 379 2895 NON
396 2845 578 2896 POTVISSE
597 2846 834 2897 GHIMAERAM
851 2846 899 2896 ET
918 2846 1097 2896 SOYLLAM

283 2944 285 2947 ·
444 2931 492 2980 ΕΤ
511 2932 663 2981 SIMILIA
684 2931 819 2981 EORVM
841 2931 950 2981 GIGNI

166 3041 244 3082 nam
262 3021 349 3096 quod
366 3021 471 3083 multa
488 3020 582 3084 fuere
599 3021 634 3081 in
651 3021 750 3083 terris
766 3021 891 3084 semina
907 3041 1019 3083 rerum

166 3138 313 3206 tempore
331 3151 397 3207 quc
412 3130 557 3208 primum
573 3132 672 3193 tellus
690 3130 846 3193 animalia
864 3130 965 3206 fudit,

166 3239 216 3300 nil
230 3247 341 3302 tamen
356 3247 404 3302 est
420 3240 506 3317 signi
521 3240 642 3303 mixtas
657 3240 802 3317 potuisse
819 3240 923 3303 creari

167 3349 255 3412 inter
272 3370 305 3412 se
323 3351 464 3427 pecudes
480 3356 713 3427 compactaque
729 3352 876 3413 membra
891 3350 1106 3425 animantum,

167 3465 344 3536 propterea
360 3459 438 3536 quia
454 3480 536 3536 quae
552 3460 592 3521 de
607 3460 706 3522 terris
721 3480 810 3522 nunc
826 3479 953 3536 quoque
970 3459 1141 3522 abundant

167 3554 345 3631 herbarum
361 3589 482 3646 genera
499 3590 535 3632 ac
553 3569 667 3646 fruges
683 3571 883 3646 arbustaque
899 3569 986 3631 laeta

168 3685 363 3741 nontamen
381 3678 469 3740 iuter
487 3699 519 3740 se
538 3687 675 3755 possunt
694 3679 862 3756 complexa
880 3678 995 3753 creari,

168 3788 224 3850 sed
240 3788 382 3859 si<bi>
403 3808 551 3865 quaeque
567 3808 627 3850 suc
640 3787 709 3849 ritu
726 3788 875 3865 procedit
892 3795 923 3849 et
940 3806 1049 3849 omnes

169 3896 300 3960 foedere
319 3905 460 3960 naturae
480 3902 569 3958 certo
588 3897 778 3960 discrimina
797 3903 942 3959 seruant.

180 4029 289 4078 923111·
302 4029 359 4078 alia
