3234 4684
652 442 704 492 DE
721 442 854 493 RERVM
871 443 1027 493 NAYVBA
1046 443 1080 510 Il

350 662 466 732 sponte
482 676 542 721 sua
557 656 666 721 faeere
683 657 717 719 id
732 657 803 721 sine
818 657 854 720 ui
870 658 1015 721 subiecta
1032 659 1219 736 putandum
1235 665 1293 721 est.

307 767 438 842 —quod
454 786 557 844 genus
572 788 588 830 e
603 774 804 830 nostrorum
820 768 938 830 missus
953 788 1089 845 corpore
1105 768 1240 846 sanguis

350 875 467 938 emieat
484 877 636 940 exultans
653 878 719 941 alte
734 877 928 955 spargitque
945 898 1103 940 eruorem.

349 1005 458 1049 nonne
473 986 567 1049 uides
583 986 683 1049 etiam
698 994 823 1064 quanta
840 987 875 1050 ui
890 987 985 1065 tigna
1000 989 1174 1064 trabesque

349 1102 485 1172 respuat
501 1116 596 1159 umor
612 1100 737 1174 aquae‘l
775 1117 852 1159 nam
868 1116 933 1174 quo
948 1097 1053 1174 magis
1067 1097 1211 1160 ursimus
1227 1098 1292 1160 alte

350 1206 483 1268 derecta
498 1211 530 1269 et
546 1226 665 1283 magna
682 1206 718 1269 ui
734 1206 832 1269 multi
849 1206 1027 1283 pressimus
1043 1227 1148 1284 aegre,

349 1321 417 1378 tam
433 1315 553 1393 cupide
569 1335 699 1378 sursum
714 1323 860 1379 remouet
876 1316 980 1393 magis
996 1323 1095 1393 atque
1111 1316 1261 1392 remittit,

349 1426 426 1503 plus
438 1432 477 1488 ut
491 1432 586 1503 parte
601 1425 692 1488 foras
706 1433 875 1503 emergant
889 1425 1100 1503 exiliuntque.

306 1554 408 1597 —nee
423 1541 534 1597 tamen
548 1536 637 1611 haee,
654 1542 816 1612 quantum
831 1542 881 1599 est
896 1535 931 1596 in
947 1556 989 1612 se,
1006 1535 1206 1613 dubitamus,
1223 1534 1349 1613 opinor,

349 1644 430 1721 quin
447 1665 590 1707 uacuum
607 1665 667 1723 per
683 1645 781 1708 inane
798 1646 950 1707 deorsum
968 1651 1086 1708 ounota
1104 1644 1268 1708 ferantur.
1350 1708 1352 1711 ,

348 1754 394 1817 sie
410 1754 514 1832 igitur
527 1755 647 1818 debent
664 1755 812 1818 flammae
828 1775 956 1832 quoque
972 1775 1065 1832 posse
1081 1775 1140 1832 per
1155 1775 1253 1825 auras

348 1864 433 1927 aeris
449 1884 620 1941 expressae
635 1884 766 1927 sursum
782 1865 963 1940 sueoedere,
980 1885 1179 1942 quamquam

348 1975 505 2051 pondera,
521 1974 732 2050 quantumin
747 1981 822 2050 sest,
838 1976 990 2037 deorsum
1005 1975 1165 2037 deducere
1180 1980 1340 2051 pugnent.

348 2091 591 2161 nocturnasque
608 2084 698 2146 faces
714 2084 795 2147 eaeli
812 2084 949 2146 sublime
965 2083 1110 2145 uolantis

347 2213 456 2257 nonne
471 2193 565 2256 uides
580 2194 694 2272 longos
710 2194 916 2263 flammarum
932 2195 1051 2256 ducere
1067 2201 1194 2256 tractus

347 2302 383 2365 in
399 2323 619 2381 quascumque
635 2303 729 2365 dedit
743 2303 850 2381 partis
865 2310 989 2366 natura
1002 2306 1168 2366 meatum?

347 2433 414 2475 non
430 2415 545 2477 eadere
561 2413 596 2474 in
611 2420 735 2477 terram
750 2414 861 2476 stellas
878 2421 910 2476 et
925 2412 1035 2475 sidera
1050 2412 1177 2475 eernist

346 2524 395 2585 sol
413 2523 511 2586 etiam
534 2523 689 2595 <eaeli>
712 2524 752 2585 de
769 2523 893 2584 uertioe
912 2522 1052 2599 dissipat
1070 2522 1175 2585 omnis

348 2634 500 2695 ardorem
515 2633 550 2693 in
566 2632 672 2711 partis
689 2639 721 2696 et
735 2632 860 2696 lumine
876 2631 1018 2694 conserit
1035 2652 1134 2708 arua3

346 2742 383 2804 in
398 2749 505 2805 terras
521 2742 625 2820 igitur
641 2762 769 2820 quoque
785 2742 862 2804 solis
877 2741 1030 2821 uergitur
1046 2742 1155 2804 ardor.

346 2860 617 2928 transuersosque
632 2853 744 2915 uolare
759 2872 819 2929 per
834 2851 948 2913 imbris
963 2851 1106 2913 fulmina
1120 2850 1243 2926 eernis3

347 2983 436 3024 nune
451 2962 528 3023 hine
542 2983 631 3023 nuno
647 2962 738 3023 illino
754 2961 890 3039 abrupti
905 2960 1048 3023 nubibus
1063 2960 1155 3038 ignes

348 3078 562 3147 oonoursant3
580 3072 669 3134 eadit
685 3071 720 3133 in
737 3078 844 3133 terras
860 3070 912 3132 uis
928 3071 1077 3132 flammea
1093 3069 1200 3147 uolgo.

412 3182 502 3243 Illud
517 3181 552 3241 in
568 3181 619 3242 his
635 3201 763 3258 quoque
778 3187 811 3242 te
826 3182 924 3242 rebus
940 3199 1130 3256 eognoseere
1148 3197 1291 3253 auemus,

348 3311 487 3369 corpora
502 3312 576 3353 oum
592 3292 744 3352 deorsum
760 3296 887 3352 reetum
903 3309 963 3366 per
978 3289 1076 3351 inane
1093 3275 1251 3350 feruntur

348 3385 554 3480 ponderibus
568 3399 722 3478 propriis
741 3399 868 3461 ineerto
884 3406 1030 3475 tempore
1048 3397 1151 3459 ferme

348 3510 547 3587 incertisque
565 3510 644 3572 loeis
662 3509 771 3586 spatio
788 3509 951 3585 depellere
971 3507 1117 3585 paulum,

347 3628 480 3684 tantum
497 3620 585 3697 quod
601 3639 728 3681 momen
743 3623 909 3680 mutatum
925 3616 1034 3678 dieere
1051 3601 1164 3693 possis.

594 3725 708 3784 <DE>
733 3722 1019 3773 DECLINATIONE
1040 3722 1166 3771 MOTVS

349 3816 436 3894 quod
450 3815 515 3877 nisi
530 3814 695 3877 deelinare
709 3814 860 3888 solerent,
876 3811 985 3874 omnia
998 3811 1160 3886 deorsum,

349 3925 463 3988 imbris
480 3925 530 3987 uti
547 3930 671 4001 guttae,
688 3923 843 3985 caderent
860 3940 920 3998 per
937 3920 1034 3983 inane
1052 3919 1268 3998 profundum,

361 4059 410 4107 193
421 4057 493 4117 vulp.
510 4054 653 4119 subigente

361 4127 411 4175 199
420 4125 493 4185 vulp.
510 4122 624 4172 revomit

852 4212 909 4263 [46]
