3234 4684
516 435 566 483 DE
585 434 716 483 RERVM
734 433 888 483 NATVBA
908 434 925 482 Ι

199 650 343 728 grandia
357 670 453 725 saxa3
470 649 539 712 ruit
555 669 622 725 qua
637 648 794 726 quicquid
811 647 968 710 fluctibus
982 647 1116 723 obstat.)

199 759 369 836 sicigitur
387 760 507 822 debent
523 758 617 821 uenti
635 778 763 835 quoque
781 757 915 820 flamina
933 756 1027 833 ferri,

200 876 285 946 quae
302 868 409 931 ueluti
426 868 576 931 ualidum
594 889 668 931 oum
686 867 808 929 flumen
825 868 1029 944 procubuere

201 978 382 1056 quamlibet
398 977 433 1038 in
450 985 588 1057 partem,
605 977 749 1039 trudunt
766 996 819 1038 res
835 982 911 1038 ante
927 981 1095 1052 ruuntque

201 1088 379 1165 impetibus
396 1087 528 1163 crebris,
545 1086 713 1148 interdum
729 1085 853 1147 uertice
869 1092 959 1147 torto

201 1197 389 1275 corripiunt
408 1196 583 1274 rapidique
603 1195 729 1258 rotanti
748 1195 881 1257 turbine
902 1200 1047 1272 portant.

154 1327 304 1384 -quare
321 1307 420 1370 etiam
436 1312 535 1383 atque
552 1305 651 1368 etiam
668 1312 746 1366 sunt
762 1304 856 1366 uenti
873 1324 1011 1381 corpora
1027 1322 1130 1379 caeca,

201 1416 469 1493 quandoquidem
485 1414 584 1477 factis
601 1421 633 1477 et
649 1414 795 1476 moribus
810 1414 939 1476 aemula
954 1412 1083 1490 magnis

202 1525 354 1588 amnibus
373 1525 603 1600 inueniuntur,
623 1531 740 1601 aperto
757 1542 892 1600 corpore
911 1523 968 1600 qui
987 1529 1074 1585 sunt.

394 1630 445 1680 DE
466 1629 592 1680 ODORE
614 1628 762 1680 GALORE
783 1628 949 1679 FRIGORE
971 1628 1070 1679 VOCE

155 1724 274 1782 —tum
292 1739 391 1797 porro
408 1719 519 1782 uarios
537 1739 649 1781 rerum
666 1718 827 1780 sentimus
844 1719 958 1779 odores

201 1849 262 1892 nec
278 1835 389 1891 tamen
405 1830 447 1890 ad
464 1828 555 1890 naris
570 1827 735 1891 uenientis
751 1827 915 1890 cernimus
930 1847 1097 1904 umquam,

201 1958 262 2000 nec
280 1938 402 2001 calidos
420 1945 529 2001 aestus
546 1936 673 1999 tuimur
691 1957 750 1999 neo
769 1936 898 2013 frigora
914 1936 1045 2013 quimus

201 2068 366 2126 usurpare
382 2047 484 2110 oculis
500 2068 559 2110 nec
575 2067 671 2109 uoces
687 2067 819 2109 cernere
836 2066 983 2122 011011111ος

186 2158 287 2234 (quae
303 2164 413 2219 tamen
431 2156 540 2219 omnia
555 2176 711 2233 corporea
728 2162 877 2218 constare
893 2162 1052 2218 necessest

203 2274 334 2343 natura,
353 2265 507 2344 quoniam
524 2285 638 2328 sensus
654 2265 812 2343 inpellere
830 2270 985 2342 possunt;

204 2381 339 2454 tangere
355 2376 442 2439 enim
458 2383 490 2439 et
506 2375 610 2453 tangi,
627 2375 692 2436 nisi
709 2395 837 2451 eorpus,
854 2375 948 2436 nulla
964 2379 1071 2452 potest
1087 2373 1171 2449 res).

497 2480 639 2531 VESTES
659 2480 798 2530 VVESCI
818 2481 866 2529 ΕΤ
886 2479 1023 2529 ARESCI

158 2570 344 2647 -denique
361 2569 555 2647 fluctifrago
570 2588 745 2647 suspensae
763 2569 799 2630 in
814 2569 909 2630 litore
927 2575 1034 2630 uestes

203 2687 375 2756 uuescunt,
393 2680 524 2742 eaedem
542 2679 717 2756 dispansae
733 2677 769 2738 in
785 2678 851 2741 sole
867 2683 1044 2739 serescunt.

204 2796 239 2851 ot
255 2809 359 2866 neque
376 2808 442 2866 quo
456 2795 553 2866 pacto
570 2787 752 2866 persederit
767 2807 863 2849 umor
879 2786 978 2863 aquai

203 2898 345 2961 uisumst
359 2918 419 2960 nec
434 2917 568 2960 rursum
584 2916 648 2974 quo
664 2904 761 2974 pacto
777 2895 904 2973 fugerit
920 2902 1022 2958 aestu.

204 3007 240 3068 in
258 3027 382 3085 paruas
399 3006 503 3084 igitur
523 3006 629 3085 partis
647 3006 853 3083 dispergitur
871 3005 989 3067 humor

205 3137 286 3194 quas
304 3116 389 3179 oculi
406 3117 501 3179 nulla
517 3120 655 3194 possunt
672 3114 800 3177 ratione
818 3115 941 3177 uidere.

397 3222 447 3271 DE
468 3220 600 3272 ANVLO
622 3222 666 3270 IN
688 3219 819 3270 DIGITO
842 3220 890 3269 ET
913 3220 1070 3271 CETERIS

160 3310 286 3388 —quin
304 3309 402 3373 etiam
418 3310 531 3371 multis
548 3309 624 3371 solis
641 3309 856 3371 redeuntibus
873 3308 970 3372 annis

205 3420 326 3482 anulus
341 3419 376 3480 in
392 3418 499 3496 digito
514 3420 626 3481 subter
642 3424 802 3481 tenuatur
817 3418 978 3495 habendo,

206 3528 341 3591 stilicidi
358 3548 452 3590 casus
467 3528 611 3605 lapidem
628 3534 735 3603 acuat,
752 3548 857 3589 uncus
874 3527 979 3590 aratri

207 3638 335 3700 ferreus
352 3638 476 3700 occulte
494 3637 652 3700 decrescit
668 3656 781 3699 uomer
798 3636 833 3697 in
851 3637 950 3713 aruis,

206 3754 375 3825 strataque
391 3746 456 3809 iam
472 3746 563 3824 uolgi
579 3744 720 3824 pedibus
736 3746 860 3808 detrita
875 3745 1008 3809 uiarum

206 3876 302 3919 saxea
318 3855 553 3933 conspicimus3
571 3863 643 3918 tum
660 3862 775 3933 portas
792 3861 929 3933 propter
947 3875 1029 3918 00110

205 3965 299 4044 signa
312 3986 430 4029 manus
444 3966 579 4029 dextras
592 3965 771 4028 ostendunt
785 3965 961 4028 adtenuari

205 4095 300 4154 saepe
317 4075 524 4138 salutantum
539 4080 632 4138 tactu
649 4081 846 4153 praeterque
862 4081 1039 4137 meantum.

709 4215 766 4267 [11]
