3234 4686
607 462 637 511 Τ.
658 461 821 513 LVCRETI
841 461 930 512 CARI

235 676 433 754 implicitum
452 679 573 754 morbo,
593 677 692 740 morti
710 678 886 740 damnatus
905 683 944 739 ut
962 685 1054 754 esset,

236 786 388 850 deficiens
406 787 517 850 animo
532 794 656 850 maesto
672 808 746 850 cum
763 788 860 850 corde
878 787 1014 863 iacebat,

236 895 356 959 funera
374 904 563 974 respectans
582 897 725 960 animam
744 897 915 960 amittebat
934 897 1064 960 ibidem.

237 1005 360 1084 quippe
380 1006 500 1070 etenim
520 1007 612 1069 nullo
632 1009 802 1070 cessabant
820 1014 966 1084 tempore
987 1006 1090 1084 apisci

236 1136 276 1177 ex
293 1116 366 1178 aliis
386 1116 467 1179 alios
484 1116 576 1180 auidi
594 1117 746 1194 contagia
764 1117 878 1193 morbi,

236 1226 400 1304 lanigeras
416 1233 585 1304 tamquam
603 1227 744 1304 pecudes
760 1234 792 1289 et
807 1228 928 1289 bucera
944 1227 1059 1289 saecla.

192 1335 335 1413 *idque
352 1337 406 1399 uel
424 1337 459 1397 in
476 1336 592 1413 primis
609 1336 798 1399 cumulabat
817 1335 935 1398 funere
953 1335 1065 1398 funus.

236 1465 312 1508 nam
328 1446 525 1524 quicumque
541 1466 616 1508 suos
632 1445 824 1523 fugitabant
840 1445 946 1509 uisere
963 1447 1006 1509 ad
1022 1466 1145 1524 aegros,

236 1555 320 1619 uitai
338 1556 477 1617 nimium
495 1555 632 1634 cupidos
650 1555 829 1633 mortisque
848 1555 994 1618 timentis

237 1665 391 1742 poenibat
406 1666 594 1743 paulopost
609 1665 703 1743 turpi
718 1673 822 1728 morte
837 1667 997 1743 malaque,

236 1776 389 1852 desertos,
407 1775 479 1853 opis
496 1776 650 1854 expertis,
668 1775 799 1838 incuria
813 1782 970 1838 mactans.

238 1885 294 1963 qui
311 1885 447 1948 fuerant
465 1893 575 1948 autem
592 1893 733 1963 praesto,
752 1885 946 1963 contagibus
962 1885 1055 1948 ibant

237 2002 334 2072 atque
351 1995 471 2072 labore,
489 1996 597 2073 pudor
615 2015 710 2072 quem
727 2000 798 2057 tum
815 1997 956 2073 cogebat¹
966 1995 1055 2059 obire

236 2104 421 2182 blandaque
439 2107 599 2168 lassorum
616 2125 682 2167 uox
699 2106 803 2167 mixta
818 2126 897 2168 uoce
914 2106 1087 2182 querellae.

237 2214 380 2291 optimus
395 2216 455 2277 hoc
471 2215 529 2276 leti
546 2234 648 2293 genus
664 2235 742 2292 ergo
758 2214 895 2293 quisque
911 2215 1043 2278 subibat

634 2325 652 2360 fi

237 2432 335 2511 inque
353 2433 427 2496 aliis
444 2434 555 2509 alium,
574 2435 734 2513 populum
751 2435 889 2514 sepelire
906 2455 1041 2498 suorum

236 2551 415 2606 certantes:
434 2543 579 2606 lacrimis
596 2544 673 2607 lassi
691 2546 848 2622 luctuque
866 2545 1037 2621 redibant;

237 2652 313 2715 inde
330 2655 448 2715 bonam
466 2660 595 2730 partem
612 2654 647 2715 in
664 2655 785 2717 lectum
802 2675 948 2718 maerore
966 2656 1142 2718 dabantur.

236 2783 295 2825 nec
314 2768 445 2840 poterat
463 2762 636 2840 quisquam
653 2764 804 2842 reperiri,
823 2785 919 2842 quem
937 2786 1043 2843 neque
1061 2765 1194 2827 morbus

236 2893 295 2935 nec
313 2893 399 2935 mors
416 2893 475 2936 nec
492 2874 602 2936 luctus
620 2881 799 2952 temptaret
816 2882 963 2952 tempore
981 2874 1052 2938 tali.

243 3142 246 3146 ι
299 3068 474 3132 Praeterea
493 3068 559 3132 iam
578 3076 691 3147 pastor
710 3076 742 3131 et
761 3069 982 3131 armentarius
1000 3069 1105 3132 omnis

237 3184 269 3240 81
286 3179 439 3240 robustus
456 3179 534 3241 item
552 3179 648 3241 curui
665 3180 852 3241 moderator
871 3179 975 3242 aratri

236 3288 422 3364 languebat,
443 3288 639 3375 penitusque
657 3309 732 3351 casa
750 3296 906 3351 contrusa
923 3289 1074 3352 iacebant

236 3417 375 3474 corpora
392 3378 639 3474 paupertateet
656 3400 769 3461 morbo
785 3398 899 3461 dedita
916 3398 1024 3460 morti.

236 3506 402 3569 exanimis·
413 3507 526 3584 pueris
544 3527 644 3584 super
663 3507 849 3570 exanimata
868 3515 1045 3585 parentum

236 3636 373 3694 corpora
393 3636 637 3693 nonnumquam
657 3637 766 3694 posses
785 3623 938 3693 retroque
958 3617 1072 3680 uidere

235 3726 397 3789 matribus
414 3734 445 3788 et
463 3725 615 3803 patribus
631 3732 726 3788 natos
741 3746 841 3803 super
859 3726 953 3788 edere
971 3726 1085 3788 uitam.

236 3855 295 3898 uec
311 3834 480 3897 minimam
497 3842 626 3912 partem
643 3857 682 3897 ex
699 3836 787 3912 agris
802 3835 830 3897 is
846 3855 974 3897 maeror
990 3835 1026 3896 in
1042 3836 1157 3898 urbem

203 4018 209 4027 ὁ
236 3945 405 4019 confluxit,
424 3945 585 4020 languens
603 3963 698 4019 quem
717 3944 858 4006 contulit
877 3944 1096 4021 agricolarum

248 4076 315 4125 1249
327 4077 393 4137 fort.
413 4074 497 4123 letum

730 4225 803 4275 [257]
