3234 4684
549 413 579 461 T.
598 407 760 462 LV'GREYI
778 412 867 463 CARI

173 646 235 689 neo
252 625 341 689 foret
358 627 502 689 offensus
517 634 617 690 natus
631 648 691 690 nec
707 629 808 705 plaga
822 635 933 691 creata

175 735 370 813 principiis:
388 736 435 798 ita
451 736 499 798 nil
515 758 672 815 umquam
688 744 810 801 natura
825 745 975 801 creasset.

196 846 338 923 -Quod
355 846 383 908 si
401 845 488 908 forte
507 846 627 924 aliquis
644 847 749 911 credit
767 847 924 925 grauiora
941 854 1067 926 potesse

177 975 317 1033 corpora
338 956 420 1033 (quo
436 956 535 1019 citius
549 965 676 1020 rectum
692 978 751 1034 per
768 957 866 1021 inane
883 957 1057 1033 feruntur)

177 1064 324 1129 incidere
341 1085 381 1127 ex
398 1086 519 1143 supero
534 1066 712 1129 levioribus
729 1074 828 1144 atque
845 1066 894 1130 ita
911 1067 1026 1144 plagas

178 1174 313 1252 gignere
330 1196 414 1253 quae
431 1175 558 1254 possint
576 1176 729 1254 genitalis
746 1177 884 1239 reddere
901 1183 1017 1253 motus,

179 1285 277 1347 auius
293 1306 312 1348 a
329 1306 410 1348 uera
427 1286 522 1364 longe
540 1285 667 1349 ratione
685 1285 818 1348 recedit.

127 1415 257 1456 -aam
273 1414 332 1471 per
348 1415 451 1472 aquas
466 1415 690 1473 quaecumque
705 1397 830 1459 cadunt
847 1388 945 1473 atque
962 1416 1039 1459 aere
1054 1416 1178 1472 rarum,

178 1505 259 1567 haec
277 1525 339 1582 pro
355 1505 557 1583 ponderibus
574 1526 668 1568 casus
685 1506 827 1569 celerare
844 1512 1004 1569 necessest

179 1621 356 1692 propterea
373 1614 452 1692 quia
468 1635 587 1692 corpus
604 1635 708 1693 aquae
725 1623 911 1692 naturaque
928 1615 1038 1678 tenuis

179 1723 266 1786 aeris
281 1725 364 1786 haut
381 1732 519 1803 possunt
536 1746 637 1802 aeque
653 1746 722 1788 rem
740 1746 903 1803 quamque
920 1725 1052 1802 morari,

178 1834 237 1896 sed
255 1833 352 1896 citius
369 1835 491 1897 cedunt
509 1835 718 1912 grauioribus
735 1841 941 1912 exsuperata.

179 1949 216 2006 ot
233 1951 349 2006 contra
364 1944 449 2006 nulli
466 1945 506 2008 de
522 1945 616 2008 nulla
632 1932 728 2021 parte
744 1965 850 2021 neque
866 1945 936 2006 ullo

177 2060 327 2130 tempore
346 2052 444 2116 inane
461 2061 569 2132 potest
586 2075 729 2117 uacuum
746 2054 923 2117 subsistere
942 2054 999 2131 rei,

179 2162 272 2241 quin,
290 2183 350 2226 sua
366 2164 454 2241 quod
470 2171 594 2227 natura
609 2164 703 2241 petit,
721 2165 896 2228 concedere
914 2164 1048 2242 pergat3

180 2272 291 2335 omnia
308 2281 512 2351 quapropter
527 2274 647 2337 debent
664 2295 723 2352 per
740 2274 838 2337 inane
855 2274 1003 2351 quietum

179 2403 283 2459 aeque
300 2383 501 2460 ponderibus
517 2404 583 2445 non
600 2385 712 2460 aequis
729 2384 856 2447 concita
874 2383 967 2447 ferri.

127 2492 272 2555 —haud
288 2492 391 2570 igitur
408 2499 566 2571 poterunt
582 2493 759 2556 levioribus
775 2493 920 2557 incidere
936 2514 1093 2571 umquam

180 2623 221 2665 ex
238 2622 359 2679 supero
373 2603 531 2680 grauiora
545 2624 650 2681 neque
667 2603 751 2667 ictus
769 2604 903 2681 gignere
919 2623 979 2681 per
996 2624 1029 2668 se

180 2710 240 2789 qui
258 2711 389 2775 uarient
407 2720 514 2775 motus
533 2733 592 2790 per
610 2733 690 2789 quos
707 2720 831 2775 natura
848 2718 942 2791 gerat
960 2733 1021 2775 161.

180 2842 284 2899 quare
300 2821 400 2885 etiam
415 2828 514 2899 atque
531 2822 629 2886 etiam
646 2823 784 2901 paulum
800 2822 960 2886 inclinare
976 2831 1135 2886 necessest

180 2951 337 3008 corpora;
353 2952 412 2994 nec
428 2933 504 3010 plus
520 2952 618 3009 quam
633 2931 815 3008 minimum,
832 2952 873 2993 ne
889 2932 1012 3009 fingere
1028 2939 1135 2996 motus

179 3040 330 3118 obliquos
345 3041 519 3105 uideamur
534 3049 568 3105 et
583 3041 618 3103 id
634 3062 685 3104 res
702 3062 783 3105 uera
796 3041 932 3104 refutet.

160 3151 324 3228 (namque
338 3152 399 3213 hoc
413 3152 448 3213 in
463 3159 621 3229 promptu
636 3150 914 3228 manifestumque
930 3171 997 3215 esse
1012 3148 1172 3227 uidemus

178 3260 339 3340 pondera,
357 3268 519 3338 quantum
535 3260 571 3322 in
593 3268 747 3338 <s>est,
765 3282 832 3323 non
849 3281 942 3340 posse
959 3261 1091 3339 obliqua
1108 3282 1226 3339 meare,

179 3391 223 3433 ex
239 3390 360 3448 supero
375 3391 449 3433 oum
467 3370 700 3448 praecipitant,
719 3371 807 3448 quod
824 3390 956 3432 cernere
974 3369 1094 3449 possis;

179 3479 238 3542 sed
256 3479 339 3540 nihil
357 3479 488 3542 omnino
510 3487 674 3552 <recta>
696 3480 829 3558 regione
846 3479 916 3543 uiai

180 3588 348 3651 declinare
363 3589 437 3666 quis
453 3596 501 3651 611
516 3589 574 3666 qui
589 3588 692 3668 possit
707 3609 839 3651 cernere
854 3609 922 3653 sese
931 3589 960 3665 t)

201 3698 395 3775 -Denique
413 3698 441 3760 si
459 3718 586 3776 semper
602 3705 711 3761 motus
728 3699 911 3762 conectitur
929 3698 1033 3761 omnis

182 3814 215 3871 61
232 3815 343 3871 uetere
360 3808 509 3872 exoritur
530 3818 732 3886 <semper>
753 3828 861 3871 nouus
879 3808 994 3872 ordine
1011 3815 1100 3872 certo

181 3937 241 3980 neo
259 3917 457 3981 declinando
472 3917 802 3996 faciunt-primordia
817 3923 925 3980 motus

182 4026 386 4105 principium
402 4026 568 4104 quoddam
583 4027 671 4104 quod
687 4026 752 4089 fati
767 4026 903 4089 foedera
916 4033 1060 4105 rumpat,

687 4182 744 4234 [47]
