3190 4682
523 417 554 466 T.
574 416 737 467 LVCRETI
757 416 845 467 CARI

147 628 176 691 si
191 629 256 692 tibi
272 627 360 692 forte
377 629 524 692 animum
539 629 600 693 tali
616 629 744 693 ratione
759 636 871 693 tenere

147 738 301 801 uersibus
317 738 352 799 in
367 738 489 801 nostris
505 758 640 816 possem,
657 740 736 801 dum
752 738 896 817 percipis
913 759 1039 801 omnem

146 854 305 911 naturam
320 868 432 911 rerum
448 869 486 911 00
501 848 663 926 persentis
677 847 867 912 utilitatem.

211 1126 324 1202 Atque
341 1125 442 1188 animi
459 1126 614 1203 quoniam
630 1126 728 1189 docui
744 1134 867 1190 natura
884 1127 963 1204 quid
982 1131 1063 1188 esset

147 1242 181 1297 01
198 1235 320 1312 quibus
335 1257 351 1299 e
366 1237 464 1298 rebus
480 1257 554 1298 eum
570 1256 706 1314 corpore
722 1242 853 1314 compta
867 1235 996 1313 uigeret

148 1364 256 1422 quoue
272 1346 370 1407 modo
384 1344 544 1408 distracta
560 1345 684 1408 rediret
700 1345 735 1405 in
752 1345 847 1407 ordia
863 1345 980 1423 prima,

528 1451 578 1501 DE
597 1450 830 1502 SIMVLAORIS

147 1542 238 1584 1111110
256 1541 352 1601 agere
369 1522 526 1599 incipiam
542 1522 614 1600 tibi,
632 1522 719 1600 quod
735 1529 902 1585 vementer
919 1522 962 1584 ad
978 1523 1038 1584 has
1054 1542 1106 1584 100

148 1632 280 1708 attinet,
297 1652 364 1695 esse
380 1653 417 1694 ea
433 1652 516 1709 quae
531 1653 642 1694 rerum
658 1631 834 1694 simulacra
850 1652 1022 1694 uooamus:

148 1722 242 1818 quae,
260 1741 354 1818 quasi
370 1742 577 1804 membranae
594 1761 720 1803 summo
737 1741 776 1802 de
794 1760 929 1818 corpore
946 1760 1058 1802 rerum

148 1851 315 1929 dereptae,
332 1850 476 1913 uolitant
492 1851 645 1928 ultroque
663 1851 810 1927 citroque
827 1871 1011 1928 1101011100,

148 1967 249 2037 0111110
265 1961 377 2023 eadem
392 1960 487 2022 nobis
502 1960 721 2038 uigilantibus
736 1959 834 2022 obuia
848 1965 973 2021 mentes

148 2069 334 2132 terrificant
350 2076 448 2146 atque
464 2070 500 2130 in
515 2070 645 2145 somnis,
662 2090 737 2131 oum
752 2090 848 2147 saepe
864 2068 988 2146 figuras

149 2179 338 2241 contuimur
355 2179 456 2245 miras
473 2179 712 2256 simulacraque
729 2180 801 2243 11100
818 2186 998 2255 carentum,

149 2309 233 2366 quae
247 2308 306 2350 nos
321 2288 472 2352 horrifice
487 2289 676 2366 languentis
691 2309 787 2366 saepe
802 2308 917 2366 sopore

149 2398 336 2460 excierunt:
353 2417 394 2458 ne
411 2397 499 2460 forte
515 2398 641 2460 animas
656 2397 847 2460 Acherunte
864 2417 996 2460 reamur

149 2508 294 2585 effugere
311 2514 369 2570 aut
385 2509 518 2569 umbras
534 2507 622 2570 inter
638 2507 733 2569 uiuos
749 2507 891 2570 uolitare

149 2636 232 2679 neue
248 2616 375 2693 aliquid
390 2616 495 2679 nostri
510 2623 585 2694 post
599 2622 737 2678 mortem
752 2636 844 2694 posse
859 2615 1012 2693 relinqui,

150 2747 224 2789 cum
240 2745 360 2803 corpus
376 2725 474 2788 simul
491 2732 590 2802 atque
607 2725 709 2788 animi
727 2732 849 2789 natura
865 2732 1038 2803 perempta

149 2835 185 2895 in
199 2855 259 2898 sua
273 2835 449 2897 discessum
464 2835 615 2897 dederint
629 2835 813 2912 primordia
827 2854 984 2911 quaeque.

213 2945 296 3006 Dico
311 2944 415 3022 igitur
431 2965 543 3007 rerum
560 2945 682 3021 effigias
697 2944 871 3021 tenuisque
887 2943 1012 3021 figuras

148 3053 275 3116 mittier
290 3055 330 3116 ab
344 3055 451 3130 rebus,
466 3073 592 3116 summo
607 3054 646 3115 de
662 3053 781 3116 cortice
797 3072 918 3130 eorum,

108 3163 184 3225 —id
200 3163 277 3225 licet
291 3163 368 3225 hinc
384 3162 535 3240 quamuis
550 3163 659 3226 hebeti
674 3183 865 3240 cognoscere
881 3163 987 3226 eorde.

215 3436 303 3526 118011
321 3441 475 3518 quoniam
494 3441 590 3503 docui
608 3447 802 3503 cunctarum
821 3441 955 3503 exordia
972 3461 1083 3503 rerum

150 3550 262 3627 qualia
277 3549 345 3612 sint
361 3557 394 3613 et
410 3570 508 3627 quam
524 3549 628 3612 uariis
644 3550 804 3613 distantia
822 3549 938 3637 formis

150 3667 266 3737 sponte
282 3679 343 3723 sua
358 3659 500 3722 uolitent
517 3666 651 3722 aeterno
667 3659 795 3737 percita
810 3665 901 3721 motu

150 3790 278 3858 quoque
293 3770 390 3831 modo
404 3768 506 3846 possit
521 3788 573 3830 res
588 3790 628 3831 011
641 3768 693 3830 his
709 3788 856 3846 quaeque
872 3767 987 3844 creari,
1007 3810 1010 3817 .

149 3899 239 3941 1111110
255 3899 350 3956 agere
367 3877 525 3956 incipiam
541 3877 612 3953 tibi,
630 3878 717 3954 quod
734 3878 943 3940 uehementer
960 3878 1147 3939 adhaeres

177 4010 210 4058 43
223 4009 294 4070 solu
309 4023 425 4073 corpore
439 4021 531 4058 10111111
