<?xml version="1.0" encoding="UTF-8"?>
<!DOCTYPE html PUBLIC "-//W3C//DTD XHTML 1.0 Transitional//EN"
    "http://www.w3.org/TR/xhtml1/DTD/xhtml1-transitional.dtd">
<html xmlns="http://www.w3.org/1999/xhtml" xml:lang="en" lang="en">
 <head>
  <title>
</title>
<meta http-equiv="Content-Type" content="text/html;charset=utf-8" />
  <meta name='ocr-system' content='tesseract 3.04.00' />
  <meta name='ocr-capabilities' content='ocr_page ocr_carea ocr_par ocr_line ocrx_word'/>
</head>
<body>
  <div class='ocr_page' id='page_1' title='image "./lvcretiderervmn00merrgoog_0106.png"; bbox 0 0 3190 4682; ppageno 0'>
   <div class='ocr_carea' id='block_1_1' title="bbox 524 419 924 506">
    <p class='ocr_par' dir='ltr' id='par_1_1' title="bbox 524 419 924 506">
     <span class='ocr_line' id='line_1_1' title="bbox 524 419 924 506; baseline 0.005 -2"><span class='ocrx_word' id='word_1_1' title='bbox 524 455 843 506; x_wconf 63' lang='lat' dir='ltr'>emeramensi</span> <span class='ocrx_word' id='word_1_2' title='bbox 921 419 924 423; x_wconf 47' lang='grc'>’</span> 
     </span>
    </p>
   </div>
   <div class='ocr_carea' id='block_1_2' title="bbox 215 808 1114 1003">
    <p class='ocr_par' dir='ltr' id='par_1_2' title="bbox 215 808 1114 1003">
     <span class='ocr_line' id='line_1_2' title="bbox 252 808 1114 886; baseline 0.003 -3"><span class='ocrx_word' id='word_1_3' title='bbox 252 832 403 884; x_wconf 73' lang='grc'>111111</span> <span class='ocrx_word' id='word_1_4' title='bbox 422 833 679 885; x_wconf 80' lang='lat' dir='ltr'>nnnocrurvn</span> <span class='ocrx_word' id='word_1_5' title='bbox 699 835 748 885; x_wconf 84' lang='lat' dir='ltr'>nn</span> <span class='ocrx_word' id='word_1_6' title='bbox 768 808 896 886; x_wconf 73' lang='grc'>’11111</span> <span class='ocrx_word' id='word_1_7' title='bbox 916 836 1114 886; x_wconf 74' lang='grc'>11111111</span> 
     </span>
     <span class='ocr_line' id='line_1_3' title="bbox 215 923 1024 1003; baseline 0.005 -20"><span class='ocrx_word' id='word_1_8' title='bbox 215 923 306 985; x_wconf 91' lang='lat' dir='ltr'>Illud</span> <span class='ocrx_word' id='word_1_9' title='bbox 321 923 357 984; x_wconf 94' lang='lat' dir='ltr'>in</span> <span class='ocrx_word' id='word_1_10' title='bbox 371 923 423 985; x_wconf 91' lang='lat' dir='ltr'>his</span> <span class='ocrx_word' id='word_1_11' title='bbox 435 925 533 986; x_wconf 87' lang='lat' dir='ltr'>rebus</span> <span class='ocrx_word' id='word_1_12' title='bbox 547 944 755 1001; x_wconf 83' lang='lat' dir='ltr'>nequaquam</span> <span class='ocrx_word' id='word_1_13' title='bbox 770 945 896 988; x_wconf 91' lang='lat' dir='ltr'>sumere</span> <span class='ocrx_word' id='word_1_14' title='bbox 912 925 1024 1003; x_wconf 88' lang='lat' dir='ltr'>possis,</span> 
     </span>
    </p>
   </div>
   <div class='ocr_carea' id='block_1_3' title="bbox 57 1031 1037 1770">
    <p class='ocr_par' dir='ltr' id='par_1_3' title="bbox 57 1031 1037 1770">
     <span class='ocr_line' id='line_1_4' title="bbox 146 1031 948 1112; baseline 0.004 -20"><span class='ocrx_word' id='word_1_15' title='bbox 146 1031 333 1095; x_wconf 75' lang='lat' dir='ltr'><strong>Democriti</strong></span> <span class='ocrx_word' id='word_1_16' title='bbox 349 1033 436 1109; x_wconf 94' lang='lat' dir='ltr'>quod</span> <span class='ocrx_word' id='word_1_17' title='bbox 453 1041 567 1096; x_wconf 86' lang='lat' dir='ltr'>sancta</span> <span class='ocrx_word' id='word_1_18' title='bbox 582 1034 649 1095; x_wconf 92' lang='lat' dir='ltr'>uiri</span> <span class='ocrx_word' id='word_1_19' title='bbox 664 1034 829 1097; x_wconf 88' lang='lat' dir='ltr'>sententia</span> <span class='ocrx_word' id='word_1_20' title='bbox 844 1034 948 1112; x_wconf 89' lang='lat' dir='ltr'>ponit,</span> 
     </span>
     <span class='ocr_line' id='line_1_5' title="bbox 57 1142 1017 1222; baseline 0.002 -18"><span class='ocrx_word' id='word_1_21' title='bbox 57 1176 65 1193; x_wconf 53' lang='grc' dir='ltr'><em>κ</em></span> <span class='ocrx_word' id='word_1_22' title='bbox 148 1142 299 1220; x_wconf 89' lang='lat' dir='ltr'>corporis</span> <span class='ocrx_word' id='word_1_23' title='bbox 316 1149 415 1219; x_wconf 89' lang='lat' dir='ltr'>atque</span> <span class='ocrx_word' id='word_1_24' title='bbox 432 1142 534 1205; x_wconf 88' lang='lat' dir='ltr'>animi</span> <span class='ocrx_word' id='word_1_25' title='bbox 552 1143 893 1220; x_wconf 77' lang='lat' dir='ltr'>primordia‚‘singula</span> <span class='ocrx_word' id='word_1_26' title='bbox 909 1143 1017 1222; x_wconf 87' lang='lat' dir='ltr'>priuis</span> 
     </span>
     <span class='ocr_line' id='line_1_6' title="bbox 148 1251 993 1330; baseline 0.002 -16"><span class='ocrx_word' id='word_1_27' title='bbox 148 1251 314 1330; x_wconf 87' lang='lat' dir='ltr'>adposita,</span> <span class='ocrx_word' id='word_1_28' title='bbox 331 1252 469 1315; x_wconf 83' lang='lat' dir='ltr'>alternis</span> <span class='ocrx_word' id='word_1_29' title='bbox 482 1252 624 1328; x_wconf 89' lang='lat' dir='ltr'>uariare,</span> <span class='ocrx_word' id='word_1_30' title='bbox 642 1274 679 1316; x_wconf 90' lang='lat' dir='ltr'>ao</span> <span class='ocrx_word' id='word_1_31' title='bbox 693 1260 823 1316; x_wconf 79' lang='lat' dir='ltr'>nectere</span> <span class='ocrx_word' id='word_1_32' title='bbox 838 1255 993 1316; x_wconf 87' lang='lat' dir='ltr'>membra.</span> 
     </span>
     <span class='ocr_line' id='line_1_7' title="bbox 102 1362 993 1426; baseline 0.004 -4"><span class='ocrx_word' id='word_1_33' title='bbox 102 1381 228 1423; x_wconf 82' lang='lat' dir='ltr'>-nam</span> <span class='ocrx_word' id='word_1_34' title='bbox 244 1381 318 1424; x_wconf 91' lang='lat' dir='ltr'>oum</span> <span class='ocrx_word' id='word_1_35' title='bbox 333 1362 438 1424; x_wconf 93' lang='lat' dir='ltr'>multo</span> <span class='ocrx_word' id='word_1_36' title='bbox 453 1368 531 1424; x_wconf 92' lang='lat' dir='ltr'>sunt</span> <span class='ocrx_word' id='word_1_37' title='bbox 547 1362 674 1424; x_wconf 88' lang='lat' dir='ltr'>animae</span> <span class='ocrx_word' id='word_1_38' title='bbox 690 1363 850 1425; x_wconf 89' lang='lat' dir='ltr'>elementa</span> <span class='ocrx_word' id='word_1_39' title='bbox 864 1362 993 1426; x_wconf 92' lang='lat' dir='ltr'>minora</span> 
     </span>
     <span class='ocr_line' id='line_1_8' title="bbox 147 1470 1030 1549; baseline 0.002 -16"><span class='ocrx_word' id='word_1_40' title='bbox 147 1491 252 1548; x_wconf 89' lang='lat' dir='ltr'>quam</span> <span class='ocrx_word' id='word_1_41' title='bbox 267 1470 386 1547; x_wconf 90' lang='lat' dir='ltr'>quibus</span> <span class='ocrx_word' id='word_1_42' title='bbox 402 1493 419 1535; x_wconf 87' lang='grc'>1</span> <span class='ocrx_word' id='word_1_43' title='bbox 434 1491 554 1549; x_wconf 92' lang='lat' dir='ltr'>corpus</span> <span class='ocrx_word' id='word_1_44' title='bbox 568 1471 662 1534; x_wconf 92' lang='lat' dir='ltr'>nobis</span> <span class='ocrx_word' id='word_1_45' title='bbox 677 1478 709 1535; x_wconf 90' lang='lat' dir='ltr'>et</span> <span class='ocrx_word' id='word_1_46' title='bbox 724 1472 854 1535; x_wconf 89' lang='lat' dir='ltr'>uiscera</span> <span class='ocrx_word' id='word_1_47' title='bbox 868 1478 1030 1549; x_wconf 81' lang='lat' dir='ltr'>constant,</span> 
     </span>
     <span class='ocr_line' id='line_1_9' title="bbox 147 1582 1037 1659; baseline 0.002 -17"><span class='ocrx_word' id='word_1_48' title='bbox 147 1585 223 1642; x_wconf 92' lang='lat' dir='ltr'>tum</span> <span class='ocrx_word' id='word_1_49' title='bbox 237 1600 375 1643; x_wconf 90' lang='lat' dir='ltr'>numero</span> <span class='ocrx_word' id='word_1_50' title='bbox 389 1601 517 1658; x_wconf 91' lang='lat' dir='ltr'>quoque</span> <span class='ocrx_word' id='word_1_51' title='bbox 531 1582 715 1644; x_wconf 88' lang='lat' dir='ltr'>concedunt</span> <span class='ocrx_word' id='word_1_52' title='bbox 730 1588 762 1643; x_wconf 92' lang='lat' dir='ltr'>et</span> <span class='ocrx_word' id='word_1_53' title='bbox 776 1601 855 1644; x_wconf 86' lang='lat' dir='ltr'>rara</span> <span class='ocrx_word' id='word_1_54' title='bbox 868 1602 928 1659; x_wconf 90' lang='lat' dir='ltr'>per</span> <span class='ocrx_word' id='word_1_55' title='bbox 942 1590 1037 1646; x_wconf 89' lang='lat' dir='ltr'>artus</span> 
     </span>
     <span class='ocr_line' id='line_1_10' title="bbox 148 1688 1035 1770; baseline 0.003 -19"><span class='ocrx_word' id='word_1_56' title='bbox 148 1688 269 1752; x_wconf 88' lang='lat' dir='ltr'>dissita</span> <span class='ocrx_word' id='word_1_57' title='bbox 285 1695 373 1766; x_wconf 86' lang='lat' dir='ltr'>sunt,</span> <span class='ocrx_word' id='word_1_58' title='bbox 391 1691 565 1753; x_wconf 83' lang='lat' dir='ltr'>dumtaxat</span> <span class='ocrx_word' id='word_1_59' title='bbox 581 1698 619 1753; x_wconf 92' lang='lat' dir='ltr'>ut</span> <span class='ocrx_word' id='word_1_60' title='bbox 635 1692 695 1754; x_wconf 93' lang='lat' dir='ltr'>hoc</span> <span class='ocrx_word' id='word_1_61' title='bbox 712 1691 905 1769; x_wconf 88' lang='lat' dir='ltr'>promittere</span> <span class='ocrx_word' id='word_1_62' title='bbox 922 1691 1035 1770; x_wconf 83' lang='lat' dir='ltr'>possis,</span> 
     </span>
    </p>
   </div>
   <div class='ocr_carea' id='block_1_4' title="bbox 149 1799 1166 1958">
    <p class='ocr_par' dir='ltr' id='par_1_4' title="bbox 149 1799 1166 1958">
     <span class='ocr_line' id='line_1_11' title="bbox 149 1799 919 1877; baseline 0.004 -16"><span class='ocrx_word' id='word_1_63' title='bbox 149 1799 315 1876; x_wconf 88' lang='lat' dir='ltr'>quantula</span> <span class='ocrx_word' id='word_1_64' title='bbox 330 1799 439 1876; x_wconf 89' lang='lat' dir='ltr'>prima</span> <span class='ocrx_word' id='word_1_65' title='bbox 453 1806 577 1877; x_wconf 89' lang='lat' dir='ltr'>queant</span> <span class='ocrx_word' id='word_1_66' title='bbox 590 1800 685 1863; x_wconf 91' lang='lat' dir='ltr'>nobis</span> <span class='ocrx_word' id='word_1_67' title='bbox 700 1800 821 1863; x_wconf 92' lang='lat' dir='ltr'>iniecta</span> <span class='ocrx_word' id='word_1_68' title='bbox 835 1801 919 1864; x_wconf 91' lang='lat' dir='ltr'>ciere</span> 
     </span>
     <span class='ocr_line' id='line_1_12' title="bbox 197 1903 1166 1958; baseline 0.003 -3"><span class='ocrx_word' id='word_1_69' title='bbox 197 1903 343 1955; x_wconf 83' lang='lat' dir='ltr'><strong>CORPVS</strong></span> <span class='ocrx_word' id='word_1_70' title='bbox 364 1903 445 1955; x_wconf 92' lang='lat' dir='ltr'>NON</span> <span class='ocrx_word' id='word_1_71' title='bbox 465 1905 629 1956; x_wconf 83' lang='lat' dir='ltr'>SENTIRE</span> <span class='ocrx_word' id='word_1_72' title='bbox 649 1907 723 1956; x_wconf 84' lang='lat' dir='ltr'>PER</span> <span class='ocrx_word' id='word_1_73' title='bbox 744 1907 789 1956; x_wconf 79' lang='lat' dir='ltr'>SE</span> <span class='ocrx_word' id='word_1_74' title='bbox 809 1907 898 1957; x_wconf 85' lang='lat' dir='ltr'>SINE</span> <span class='ocrx_word' id='word_1_75' title='bbox 919 1908 1039 1957; x_wconf 90' lang='lat' dir='ltr'>ANIMI</span> <span class='ocrx_word' id='word_1_76' title='bbox 1059 1906 1166 1958; x_wconf 83' lang='lat' dir='ltr'>MOTV</span> 
     </span>
    </p>
   </div>
   <div class='ocr_carea' id='block_1_5' title="bbox 107 1993 1071 3810">
    <p class='ocr_par' dir='ltr' id='par_1_5' title="bbox 107 1993 1071 3810">
     <span class='ocr_line' id='line_1_13' title="bbox 147 1993 922 2073; baseline 0.005 -18"><span class='ocrx_word' id='word_1_77' title='bbox 147 2013 290 2070; x_wconf 91' lang='lat' dir='ltr'>corpora</span> <span class='ocrx_word' id='word_1_78' title='bbox 303 1993 480 2056; x_wconf 80' lang='lat' dir='ltr'>sensiferos</span> <span class='ocrx_word' id='word_1_79' title='bbox 493 2001 601 2057; x_wconf 90' lang='lat' dir='ltr'>motus</span> <span class='ocrx_word' id='word_1_80' title='bbox 616 1994 651 2055; x_wconf 93' lang='lat' dir='ltr'>in</span> <span class='ocrx_word' id='word_1_81' title='bbox 666 2015 811 2073; x_wconf 78' lang='lat' dir='ltr'>empore,</span> <span class='ocrx_word' id='word_1_82' title='bbox 826 2002 922 2060; x_wconf 88' lang='lat' dir='ltr'>tanta</span> 
     </span>
     <span class='ocr_line' id='line_1_14' title="bbox 145 2102 879 2181; baseline 0.005 -17"><span class='ocrx_word' id='word_1_83' title='bbox 145 2102 330 2165; x_wconf 88' lang='lat' dir='ltr'>interualla</span> <span class='ocrx_word' id='word_1_84' title='bbox 346 2110 457 2167; x_wconf 90' lang='lat' dir='ltr'>tenere</span> <span class='ocrx_word' id='word_1_85' title='bbox 474 2104 608 2167; x_wconf 84' lang='lat' dir='ltr'>exordia</span> <span class='ocrx_word' id='word_1_86' title='bbox 624 2104 733 2181; x_wconf 93' lang='lat' dir='ltr'>prima</span> <span class='ocrx_word' id='word_1_87' title='bbox 748 2104 879 2168; x_wconf 91' lang='lat' dir='ltr'>animai.</span> 
     </span>
     <span class='ocr_line' id='line_1_15' title="bbox 145 2213 1071 2290; baseline 0.005 -17"><span class='ocrx_word' id='word_1_88' title='bbox 145 2232 229 2275; x_wconf 82' lang='lat' dir='ltr'>nam</span> <span class='ocrx_word' id='word_1_89' title='bbox 245 2232 350 2289; x_wconf 88' lang='lat' dir='ltr'>neque</span> <span class='ocrx_word' id='word_1_90' title='bbox 367 2213 516 2290; x_wconf 88' lang='lat' dir='ltr'>pulueris</span> <span class='ocrx_word' id='word_1_91' title='bbox 532 2213 701 2276; x_wconf 91' lang='lat' dir='ltr'>interdum</span> <span class='ocrx_word' id='word_1_92' title='bbox 717 2214 876 2277; x_wconf 88' lang='lat' dir='ltr'>sentimus</span> <span class='ocrx_word' id='word_1_93' title='bbox 893 2216 1071 2278; x_wconf 86' lang='lat' dir='ltr'>adhaesum</span> 
     </span>
     <span class='ocr_line' id='line_1_16' title="bbox 146 2322 980 2401; baseline 0.002 -17"><span class='ocrx_word' id='word_1_94' title='bbox 146 2342 287 2399; x_wconf 89' lang='lat' dir='ltr'>corpore</span> <span class='ocrx_word' id='word_1_95' title='bbox 301 2343 361 2385; x_wconf 88' lang='lat' dir='ltr'>nec</span> <span class='ocrx_word' id='word_1_96' title='bbox 376 2322 530 2385; x_wconf 91' lang='lat' dir='ltr'>membris</span> <span class='ocrx_word' id='word_1_97' title='bbox 546 2323 710 2387; x_wconf 79' lang='lat' dir='ltr'>incussam</span> <span class='ocrx_word' id='word_1_98' title='bbox 725 2324 831 2387; x_wconf 90' lang='lat' dir='ltr'>sidere</span> <span class='ocrx_word' id='word_1_99' title='bbox 848 2330 980 2401; x_wconf 91' lang='lat' dir='ltr'>cretam,</span> 
     </span>
     <span class='ocr_line' id='line_1_17' title="bbox 147 2432 948 2509; baseline 0.007 -17"><span class='ocrx_word' id='word_1_100' title='bbox 147 2451 209 2494; x_wconf 89' lang='lat' dir='ltr'>neo</span> <span class='ocrx_word' id='word_1_101' title='bbox 225 2433 380 2495; x_wconf 86' lang='lat' dir='ltr'>nebulam</span> <span class='ocrx_word' id='word_1_102' title='bbox 395 2439 495 2494; x_wconf 92' lang='lat' dir='ltr'>noctu</span> <span class='ocrx_word' id='word_1_103' title='bbox 511 2452 616 2509; x_wconf 92' lang='lat' dir='ltr'>neque</span> <span class='ocrx_word' id='word_1_104' title='bbox 633 2432 746 2496; x_wconf 91' lang='lat' dir='ltr'>aranei</span> <span class='ocrx_word' id='word_1_105' title='bbox 762 2433 876 2496; x_wconf 90' lang='lat' dir='ltr'>tenuia</span> <span class='ocrx_word' id='word_1_106' title='bbox 891 2434 948 2498; x_wconf 89' lang='lat' dir='ltr'>fila</span> 
     </span>
     <span class='ocr_line' id='line_1_18' title="bbox 148 2540 923 2620; baseline 0.003 -16"><span class='ocrx_word' id='word_1_107' title='bbox 148 2540 249 2604; x_wconf 87' lang='lat' dir='ltr'>obuia</span> <span class='ocrx_word' id='word_1_108' title='bbox 266 2541 434 2617; x_wconf 88' lang='lat' dir='ltr'>sentimus,</span> <span class='ocrx_word' id='word_1_109' title='bbox 453 2543 585 2618; x_wconf 86' lang='lat' dir='ltr'>quando</span> <span class='ocrx_word' id='word_1_110' title='bbox 602 2543 783 2605; x_wconf 89' lang='lat' dir='ltr'>obretimur</span> <span class='ocrx_word' id='word_1_111' title='bbox 799 2550 923 2620; x_wconf 89' lang='lat' dir='ltr'>euntes,</span> 
     </span>
     <span class='ocr_line' id='line_1_19' title="bbox 147 2651 929 2728; baseline 0.004 -16"><span class='ocrx_word' id='word_1_112' title='bbox 147 2671 209 2713; x_wconf 93' lang='lat' dir='ltr'>nec</span> <span class='ocrx_word' id='word_1_113' title='bbox 225 2670 346 2728; x_wconf 91' lang='lat' dir='ltr'>supera</span> <span class='ocrx_word' id='word_1_114' title='bbox 362 2658 463 2728; x_wconf 88' lang='lat' dir='ltr'>caput</span> <span class='ocrx_word' id='word_1_115' title='bbox 478 2651 622 2714; x_wconf 90' lang='lat' dir='ltr'>eiusdem</span> <span class='ocrx_word' id='word_1_116' title='bbox 638 2652 790 2715; x_wconf 91' lang='lat' dir='ltr'>cecidisse</span> <span class='ocrx_word' id='word_1_117' title='bbox 806 2653 929 2715; x_wconf 85' lang='lat' dir='ltr'>uictam</span> 
     </span>
     <span class='ocr_line' id='line_1_20' title="bbox 148 2760 991 2839; baseline 0.001 -16"><span class='ocrx_word' id='word_1_118' title='bbox 148 2766 275 2823; x_wconf 87' lang='lat' dir='ltr'>uestem</span> <span class='ocrx_word' id='word_1_119' title='bbox 290 2781 349 2823; x_wconf 91' lang='lat' dir='ltr'>nec</span> <span class='ocrx_word' id='word_1_120' title='bbox 365 2762 495 2838; x_wconf 92' lang='lat' dir='ltr'>plumas</span> <span class='ocrx_word' id='word_1_121' title='bbox 510 2760 623 2824; x_wconf 88' lang='lat' dir='ltr'>auium</span> <span class='ocrx_word' id='word_1_122' title='bbox 639 2782 831 2839; x_wconf 88' lang='lat' dir='ltr'>papposque</span> <span class='ocrx_word' id='word_1_123' title='bbox 847 2762 991 2825; x_wconf 88' lang='lat' dir='ltr'>uolantis</span> 
     </span>
     <span class='ocr_line' id='line_1_21' title="bbox 149 2868 1018 2949; baseline 0 -16"><span class='ocrx_word' id='word_1_124' title='bbox 149 2869 207 2946; x_wconf 93' lang='lat' dir='ltr'>qui</span> <span class='ocrx_word' id='word_1_125' title='bbox 223 2868 326 2932; x_wconf 91' lang='lat' dir='ltr'>nimia</span> <span class='ocrx_word' id='word_1_126' title='bbox 341 2870 477 2932; x_wconf 89' lang='lat' dir='ltr'>leuitate</span> <span class='ocrx_word' id='word_1_127' title='bbox 492 2872 617 2933; x_wconf 91' lang='lat' dir='ltr'>cadunt</span> <span class='ocrx_word' id='word_1_128' title='bbox 632 2871 826 2949; x_wconf 92' lang='lat' dir='ltr'>plerumque</span> <span class='ocrx_word' id='word_1_129' title='bbox 842 2872 1018 2949; x_wconf 81' lang='lat' dir='ltr'>grauatim,</span> 
     </span>
     <span class='ocr_line' id='line_1_22' title="bbox 148 2979 964 3058; baseline 0.005 -19"><span class='ocrx_word' id='word_1_130' title='bbox 148 2999 209 3042; x_wconf 91' lang='lat' dir='ltr'>nec</span> <span class='ocrx_word' id='word_1_131' title='bbox 224 2979 371 3056; x_wconf 89' lang='lat' dir='ltr'>repentis</span> <span class='ocrx_word' id='word_1_132' title='bbox 385 2979 469 3042; x_wconf 93' lang='lat' dir='ltr'>itum</span> <span class='ocrx_word' id='word_1_133' title='bbox 483 2980 769 3058; x_wconf 90' lang='lat' dir='ltr'>cuiusuiscumque</span> <span class='ocrx_word' id='word_1_134' title='bbox 786 2981 964 3044; x_wconf 90' lang='lat' dir='ltr'>animantis</span> 
     </span>
     <span class='ocr_line' id='line_1_23' title="bbox 148 3088 967 3167; baseline 0.005 -18"><span class='ocrx_word' id='word_1_135' title='bbox 148 3088 309 3151; x_wconf 89' lang='lat' dir='ltr'>sentimus</span> <span class='ocrx_word' id='word_1_136' title='bbox 324 3108 384 3151; x_wconf 91' lang='lat' dir='ltr'>nec</span> <span class='ocrx_word' id='word_1_137' title='bbox 400 3089 499 3167; x_wconf 92' lang='lat' dir='ltr'>priua</span> <span class='ocrx_word' id='word_1_138' title='bbox 514 3091 636 3167; x_wconf 93' lang='lat' dir='ltr'>pedum</span> <span class='ocrx_word' id='word_1_139' title='bbox 652 3090 793 3167; x_wconf 79' lang='lat' dir='ltr'>uestigia</span> <span class='ocrx_word' id='word_1_140' title='bbox 810 3110 967 3167; x_wconf 88' lang='lat' dir='ltr'>quaeque,</span> 
     </span>
     <span class='ocr_line' id='line_1_24' title="bbox 149 3198 1018 3278; baseline 0.002 -18"><span class='ocrx_word' id='word_1_141' title='bbox 149 3218 286 3276; x_wconf 89' lang='lat' dir='ltr'>corpore</span> <span class='ocrx_word' id='word_1_142' title='bbox 301 3219 384 3275; x_wconf 86' lang='lat' dir='ltr'>quae</span> <span class='ocrx_word' id='word_1_143' title='bbox 399 3198 434 3259; x_wconf 90' lang='lat' dir='ltr'>in</span> <span class='ocrx_word' id='word_1_144' title='bbox 448 3206 561 3261; x_wconf 89' lang='lat' dir='ltr'>nostro</span> <span class='ocrx_word' id='word_1_145' title='bbox 576 3199 696 3262; x_wconf 89' lang='lat' dir='ltr'>culices</span> <span class='ocrx_word' id='word_1_146' title='bbox 710 3205 742 3262; x_wconf 92' lang='lat' dir='ltr'>et</span> <span class='ocrx_word' id='word_1_147' title='bbox 757 3206 865 3263; x_wconf 88' lang='lat' dir='ltr'>cetera</span> <span class='ocrx_word' id='word_1_148' title='bbox 880 3207 1018 3278; x_wconf 90' lang='lat' dir='ltr'>ponunt.</span> 
     </span>
     <span class='ocr_line' id='line_1_25' title="bbox 107 3300 978 3386; baseline 0.002 -17"><span class='ocrx_word' id='word_1_149' title='bbox 107 3327 253 3384; x_wconf 86' lang='lat' dir='ltr'>—usque</span> <span class='ocrx_word' id='word_1_150' title='bbox 269 3308 351 3371; x_wconf 91' lang='lat' dir='ltr'>adeo</span> <span class='ocrx_word' id='word_1_151' title='bbox 365 3307 459 3386; x_wconf 93' lang='lat' dir='ltr'>prius</span> <span class='ocrx_word' id='word_1_152' title='bbox 474 3315 522 3370; x_wconf 90' lang='lat' dir='ltr'>est</span> <span class='ocrx_word' id='word_1_153' title='bbox 537 3308 572 3369; x_wconf 93' lang='lat' dir='ltr'>in</span> <span class='ocrx_word' id='word_1_154' title='bbox 587 3300 680 3371; x_wconf 92' lang='lat' dir='ltr'>nobis</span> <span class='ocrx_word' id='word_1_155' title='bbox 696 3310 801 3373; x_wconf 89' lang='lat' dir='ltr'>multa</span> <span class='ocrx_word' id='word_1_156' title='bbox 816 3309 978 3385; x_wconf 85' lang='lat' dir='ltr'>ciendum,</span> 
     </span>
     <span class='ocr_line' id='line_1_26' title="bbox 149 3416 955 3495; baseline 0.002 -16"><span class='ocrx_word' id='word_1_157' title='bbox 149 3437 248 3494; x_wconf 90' lang='lat' dir='ltr'>quam</span> <span class='ocrx_word' id='word_1_158' title='bbox 265 3416 449 3495; x_wconf 93' lang='lat' dir='ltr'>primordia</span> <span class='ocrx_word' id='word_1_159' title='bbox 464 3418 643 3481; x_wconf 83' lang='lat' dir='ltr'>sentiscant</span> <span class='ocrx_word' id='word_1_160' title='bbox 660 3438 815 3481; x_wconf 90' lang='lat' dir='ltr'>concussa</span> <span class='ocrx_word' id='word_1_161' title='bbox 833 3419 955 3481; x_wconf 87' lang='lat' dir='ltr'>animai</span> 
     </span>
     <span class='ocr_line' id='line_1_27' title="bbox 149 3527 967 3605; baseline 0.004 -18"><span class='ocrx_word' id='word_1_162' title='bbox 149 3527 273 3590; x_wconf 88' lang='lat' dir='ltr'>semina</span> <span class='ocrx_word' id='word_1_163' title='bbox 289 3527 481 3604; x_wconf 92' lang='lat' dir='ltr'>corporibus</span> <span class='ocrx_word' id='word_1_164' title='bbox 496 3527 619 3589; x_wconf 89' lang='lat' dir='ltr'>nostris</span> <span class='ocrx_word' id='word_1_165' title='bbox 634 3527 774 3591; x_wconf 85' lang='lat' dir='ltr'>inmixta</span> <span class='ocrx_word' id='word_1_166' title='bbox 789 3548 849 3605; x_wconf 91' lang='lat' dir='ltr'>per</span> <span class='ocrx_word' id='word_1_167' title='bbox 865 3536 967 3604; x_wconf 87' lang='lat' dir='ltr'>artus,</span> 
     </span>
     <span class='ocr_line' id='line_1_28' title="bbox 150 3637 969 3715; baseline 0.002 -17"><span class='ocrx_word' id='word_1_168' title='bbox 150 3641 182 3698; x_wconf 90' lang='lat' dir='ltr'>et</span> <span class='ocrx_word' id='word_1_169' title='bbox 195 3657 294 3714; x_wconf 91' lang='lat' dir='ltr'>quam</span> <span class='ocrx_word' id='word_1_170' title='bbox 308 3637 366 3700; x_wconf 88' lang='lat' dir='ltr'>illa</span> <span class='ocrx_word' id='word_1_171' title='bbox 379 3637 430 3699; x_wconf 89' lang='lat' dir='ltr'>his</span> <span class='ocrx_word' id='word_1_172' title='bbox 444 3637 630 3699; x_wconf 88' lang='lat' dir='ltr'>interuallis</span> <span class='ocrx_word' id='word_1_173' title='bbox 644 3637 829 3700; x_wconf 91' lang='lat' dir='ltr'>tuditantia</span> <span class='ocrx_word' id='word_1_174' title='bbox 843 3637 969 3715; x_wconf 91' lang='lat' dir='ltr'>possint</span> 
     </span>
     <span class='ocr_line' id='line_1_29' title="bbox 147 3746 865 3810; baseline 0.003 -3"><span class='ocrx_word' id='word_1_175' title='bbox 147 3765 343 3809; x_wconf 87' lang='lat' dir='ltr'>concursare</span> <span class='ocrx_word' id='word_1_176' title='bbox 361 3746 447 3809; x_wconf 90' lang='lat' dir='ltr'>coire</span> <span class='ocrx_word' id='word_1_177' title='bbox 466 3754 498 3810; x_wconf 91' lang='lat' dir='ltr'>et</span> <span class='ocrx_word' id='word_1_178' title='bbox 516 3746 693 3810; x_wconf 91' lang='lat' dir='ltr'>dissultare</span> <span class='ocrx_word' id='word_1_179' title='bbox 710 3747 865 3810; x_wconf 90' lang='lat' dir='ltr'>uicissim.</span> 
     </span>
    </p>
   </div>
   <div class='ocr_carea' id='block_1_6' title="bbox 212 4024 1006 4102">
    <p class='ocr_par' dir='ltr' id='par_1_6' title="bbox 212 4024 1006 4102">
     <span class='ocr_line' id='line_1_30' title="bbox 212 4024 1006 4102; baseline 0.003 -17"><span class='ocrx_word' id='word_1_180' title='bbox 212 4025 258 4087; x_wconf 84' lang='lat' dir='ltr'>Et</span> <span class='ocrx_word' id='word_1_181' title='bbox 272 4024 377 4102; x_wconf 83' lang='lat' dir='ltr'>magis</span> <span class='ocrx_word' id='word_1_182' title='bbox 392 4033 439 4088; x_wconf 91' lang='lat' dir='ltr'>est</span> <span class='ocrx_word' id='word_1_183' title='bbox 454 4024 583 4088; x_wconf 86' lang='lat' dir='ltr'>animus</span> <span class='ocrx_word' id='word_1_184' title='bbox 598 4024 683 4088; x_wconf 86' lang='lat' dir='ltr'>uitai</span> <span class='ocrx_word' id='word_1_185' title='bbox 698 4026 843 4089; x_wconf 86' lang='lat' dir='ltr'>claustra</span> <span class='ocrx_word' id='word_1_186' title='bbox 858 4045 1006 4088; x_wconf 89' lang='lat' dir='ltr'>coercens</span> 
     </span>
    </p>
   </div>
   <div class='ocr_carea' id='block_1_7' title="bbox 160 4160 709 4292">
    <p class='ocr_par' dir='ltr' id='par_1_7' title="bbox 160 4160 709 4292">
     <span class='ocr_line' id='line_1_31' title="bbox 160 4160 443 4226; baseline 0.004 -17"><span class='ocrx_word' id='word_1_187' title='bbox 160 4160 211 4210; x_wconf 78' lang='lat'>387</span> <span class='ocrx_word' id='word_1_188' title='bbox 221 4161 288 4222; x_wconf 74' lang='lat' dir='ltr'>fort.</span> <span class='ocrx_word' id='word_1_189' title='bbox 304 4161 443 4226; x_wconf 84' lang='lat' dir='ltr'>gradatim</span> 
     </span>
     <span class='ocr_line' id='line_1_32' title="bbox 161 4228 709 4292; baseline 0.011 -16"><span class='ocrx_word' id='word_1_190' title='bbox 161 4228 212 4277; x_wconf 81' lang='lat'>394</span> <span class='ocrx_word' id='word_1_191' title='bbox 223 4229 332 4292; x_wconf 88' lang='lat' dir='ltr'>quantis</span> <span class='ocrx_word' id='word_1_192' title='bbox 653 4231 709 4282; x_wconf 87' lang='lat'>[93]</span> 
     </span>
    </p>
   </div>
   <div class='ocr_carea' id='block_1_8' title="bbox 0 0 1601 4682">
    <p class='ocr_par' dir='ltr' id='par_1_8' title="bbox 0 0 1601 4682">
     <span class='ocr_line' id='line_1_33' title="bbox 0 0 1601 4682; baseline 0 0"><span class='ocrx_word' id='word_1_193' title='bbox 0 0 1601 4682; x_wconf 95' lang='lat' dir='ltr'> </span> 
     </span>
    </p>
   </div>
  </div>
 </body>
</html>
