3190 4682
567 511 597 561 T.
617 511 781 563 chnnni
800 511 889 563 CARI

151 733 226 790 —et
241 732 352 791 tamen
366 728 427 790 hoo
442 747 571 804 quoque
585 726 637 789 uti
651 727 826 790 concedam
841 725 933 803 seire,
950 731 985 789 at
999 725 1035 789 id
1049 725 1160 805 ipsum

193 857 359 914 quaeram,
375 857 450 900 oum
464 836 499 898 in
514 838 613 900 rebus
626 836 699 899 ueri
713 818 770 898 nil¹
776 835 901 899 uiderit
916 842 1002 913 ante,

192 948 283 1010 unde
298 945 380 1009 seiat
396 945 477 1024 quid
491 945 535 1008 sit
550 946 633 1010 seire
649 953 681 1010 et
696 946 820 1009 nescire
836 944 991 1023 uicissim,

346 1052 396 1102 DE
415 1052 517 1103 VERO
537 1052 659 1103 SENSV
679 1051 807 1117 QVARE
828 1050 1100 1103 COGNOSGATVB

192 1141 347 1205 notitiam
363 1140 436 1205 ueri
452 1162 536 1219 quae
553 1161 605 1205 res
622 1141 765 1219 falsique
782 1140 903 1204 crearit

192 1257 225 1314 et
240 1250 379 1313 dubium
394 1259 483 1314 serto
498 1271 647 1329 quaeres
662 1250 796 1313 differre
811 1249 971 1328 probarit.

256 1529 411 1593 Inuenies
427 1528 544 1609 primis
560 1531 600 1592 ab
617 1528 765 1591 sensibus
781 1549 848 1593 esse
865 1535 1008 1592 oreatam

191 1639 344 1702 notitiem
359 1638 433 1703 ueri
447 1659 553 1717 neque
568 1659 682 1702 sensus
697 1659 790 1717 posse
807 1638 926 1702 refelli.

150 1769 271 1813 -uam
288 1748 410 1812 maiore
425 1748 490 1811 fide
506 1750 603 1812 debet
619 1747 796 1827 reperirier
813 1749 907 1825 illud,

192 1865 311 1937 sponte
326 1878 387 1921 sua
402 1859 493 1921 ueris
507 1860 596 1935 quod
612 1858 715 1936 possit
731 1857 864 1921 uincere
880 1857 976 1920 falsa.

193 1968 275 2046 quid
289 1967 412 2031 maiore
427 1967 491 2030 fide
507 1987 608 2046 porro
622 1988 720 2046 quam
736 1987 849 2030 sensus
864 1966 979 2030 haberi

192 2079 311 2141 debett
330 2098 373 2140 an
390 2078 430 2140 ab
447 2097 544 2140 sensu
562 2076 648 2140 falso
663 2077 751 2139 ratio
767 2083 840 2140 orta
857 2076 982 2140 ualebit

192 2187 302 2250 dicere
319 2206 373 2249 eos
388 2193 512 2262 eontra,
530 2207 614 2264 quae
629 2193 701 2249 tota
716 2188 757 2249 ab
773 2185 922 2249 sensibus
938 2193 1012 2249 orta
1028 2189 1098 2249 esti

193 2296 251 2374 qui
266 2296 332 2359 nisi
346 2303 425 2359 sunt
440 2295 522 2372 ueri,
538 2296 626 2359 ratio
640 2316 768 2374 quoque
784 2295 871 2359 falsa
886 2295 924 2358 fit
940 2294 1054 2358 omnis.

150 2427 237 2469 —an
253 2412 412 2484 poterunt
428 2406 537 2468 oeulos
553 2426 649 2468 aures
664 2405 914 2483 reprehendere,
931 2426 975 2468 an
991 2424 1088 2477 aures

192 2519 324 2579 tactust
341 2536 386 2577 an
400 2516 489 2578 huno
505 2535 605 2593 porro
620 2522 746 2578 tastum
762 2535 861 2593 sapor
877 2521 994 2593 arguet
1011 2514 1086 2592 oris,

194 2646 237 2688 an
252 2624 474 2688 confutabunt
490 2644 587 2687 nares
602 2625 730 2688 oeuliue
745 2624 938 2687 reuineentt

193 2755 269 2812 non,
285 2740 325 2797 ut
340 2734 467 2812 opinor,
483 2734 532 2797 ita
546 2740 605 2798 est.
640 2755 717 2797 nam
733 2753 878 2797 seorsum
894 2733 1012 2811 euique
1028 2739 1172 2811 potestas

193 2843 344 2920 diuisast,
360 2864 421 2906 sua
434 2843 489 2906 uis
502 2843 661 2921 cuiquest,
678 2843 814 2920 ideoque
830 2863 957 2905 neeesse
973 2850 1021 2906 est

194 2960 226 3017 et
242 2953 330 3031 quod
345 2954 442 3017 molle
457 2953 501 3016 sit
516 2960 548 3017 et
564 2953 709 3031 gelidum
726 2952 903 3015 feruensue
919 2950 1045 3029 uideri}

193 3070 225 3125 et
240 3083 387 3125 seorsum
401 3062 513 3125 uarios
529 3082 640 3125 rerum
655 3062 777 3124 sentire
793 3063 916 3124 colores

193 3180 226 3235 et
244 3192 467 3251 quaecumque
486 3171 647 3235 coloribu'
664 3172 732 3234 sint
750 3172 926 3234 eoniuneta
945 3178 1113 3234 necessest.

193 3302 323 3345 seorsus
339 3281 417 3345 item
433 3301 532 3359 sapor
548 3281 615 3344 oris
630 3282 728 3344 habet
745 3281 824 3357 uim,
841 3300 970 3344 seorsus
987 3280 1102 3344 odores

96 3435 98 3441 ·
194 3398 387 3467 naseuntur,
402 3410 529 3453 sorsum
543 3391 680 3453 sonitus,
716 3391 853 3468 ideoque
869 3410 997 3453 neeesse
1012 3398 1060 3455 et

193 3521 260 3564 non
277 3500 404 3579 possint
419 3501 501 3563 alios
516 3501 574 3563 alii
591 3500 785 3563 sonuineere
800 3520 924 3562 sensus

152 3631 253 3674 —uee
269 3630 371 3689 porro
386 3616 543 3688 poterunt
561 3610 625 3687 ipsi
642 3610 881 3687 reprehendere
898 3630 976 3685 sese,

195 3740 298 3798 aequa
314 3719 395 3782 fides
411 3720 566 3797 quoniam
583 3719 711 3781 debebit
729 3738 858 3797 sfflnper
872 3716 996 3781 haberi.

195 3830 334 3906 proinde
348 3830 436 3906 quod
450 3829 486 3890 in
499 3836 659 3906 quoquest
674 3829 726 3890 his
740 3828 848 3891 uisum
863 3838 1019 3907 tempore,
1035 3834 1192 3891 uemmst,

196 3946 226 4001 et
242 3939 270 4002 si
286 3959 353 4001 non
368 3939 490 4016 poterit
507 3938 596 4001 ratio
609 3938 788 4001 dissoluere
804 3958 946 4013 eausam,

205 4070 254 4119 491
264 4071 337 4131 vulp.
353 4084 478 4120 seorsum

204 4139 337 4199 493ou19.
352 4137 447 4188 uidere
