3190 4682
529 417 559 466 T.
580 417 743 468 nvcnnrl
763 416 852 467 canl

155 637 329 707 praeterea
345 650 407 708 pro
424 637 520 708 parte
537 650 606 707 sua,
625 631 852 708 quodcumque
870 630 931 694 alit
948 637 1057 708 auget,

155 739 326 816 redditur;
343 745 376 803 et
392 739 547 817 quoniam
563 739 664 802 dubio
679 741 796 817 procul
812 759 879 803 esse
895 739 1031 802 uidetur

155 849 366 926 omniparens
382 850 495 912 eadem
510 869 622 912 rerum
638 868 809 912 commune
823 849 1021 926 sepulcrum,

156 978 232 1036 ergo
247 965 339 1022 terra
354 957 417 1021 tibi
431 958 557 1021 libatur
574 965 607 1020 et
622 965 720 1021 aucta
736 957 898 1020 recrescit.

598 1064 648 1114 nn
669 1064 774 1129 nova
828 1116 831 1119 ,

174 1152 313 1231 —Quod
331 1159 490 1230 superest,
507 1172 620 1216 umore
636 1172 724 1215 nouo
738 1173 827 1215 mare
843 1151 981 1214 flumina
998 1152 1107 1216 fontes

155 1283 283 1340 semper
301 1264 470 1325 abundare
489 1270 521 1325 et
538 1261 652 1325 latices
669 1282 804 1325 manare
822 1261 977 1341 perennis

155 1371 204 1433 nil
220 1391 302 1449 opus
318 1379 367 1434 est
382 1372 508 1434 uerbis:
524 1391 664 1448 magnus
681 1372 839 1433 decursus
853 1392 1014 1448 aquarum

157 1481 305 1558 undique
322 1481 478 1543 declarat.
516 1481 573 1543 sed
590 1480 735 1558 primum
754 1480 917 1558 quidquid
934 1481 1033 1558 aquai

155 1590 285 1653 tollitur
300 1590 336 1652 in
350 1611 541 1669 summaque
556 1591 594 1654 fit
609 1598 648 1654 ut
664 1591 748 1652 nihil
763 1612 858 1654 umor
874 1592 1030 1666 abundet,

155 1700 279 1777 partim
296 1701 382 1777 quod
399 1700 505 1763 ualidi
521 1706 692 1764 uerrentes
709 1721 852 1778 aequora
868 1700 961 1764 uenti

155 1809 353 1872 deminuunt
371 1810 538 1886 radiisque
555 1817 705 1872 retexens
722 1809 887 1872 aetherius
905 1811 962 1886 sol,

156 1919 280 1995 partim
301 1920 388 1996 quod
408 1925 524 1997 supter
545 1940 606 1997 per
626 1926 733 1982 terras
755 1920 883 1982 diditur
905 1919 1019 1981 omnis.

141 2027 345 2104 (percolatur
362 2028 448 2091 enim
465 2028 560 2092 uirus
577 2036 729 2105 retroque
747 2035 897 2090 remanat

155 2136 307 2199 materies
320 2137 444 2199 umoris
459 2138 548 2201 etad
563 2145 665 2215 eaput
680 2137 831 2200 amnibus
847 2137 951 2199 omnis

155 2245 318 2322 conuenit,
335 2246 413 2309 inde
429 2267 528 2324 super
543 2253 650 2310 terras
666 2247 741 2309 fluit
757 2247 886 2324 agmine
903 2246 993 2308 dulci

155 2376 220 2432 qua
236 2355 294 2418 uia
310 2363 398 2419 secta
414 2357 511 2419 semel
527 2355 655 2433 liquido
671 2354 754 2433 pede
771 2355 892 2419 detulit
908 2356 1046 2433 undas).

467 2461 517 2512 DE
537 2462 639 2512 AERE
660 2461 748 2512 SIVE
768 2462 899 2511 ANIMA

173 2551 306 2614 -Aera
324 2571 413 2613 nunc
432 2550 536 2628 igitur
556 2550 672 2627 dicam,
692 2551 749 2628 qui
768 2571 903 2628 corpore
922 2558 993 2612 toto

155 2659 440 2722 innumerabiliter
455 2659 570 2737 priuas
585 2667 736 2724 mutatur
752 2660 787 2721 in
802 2662 909 2723 horas.

154 2789 282 2846 semper
299 2769 395 2845 enim,
413 2770 641 2846 quodcumque
659 2769 733 2831 fluit
751 2771 915 2846 derebus,
934 2769 968 2830 id
987 2790 1081 2832 omne

154 2878 240 2940 aeris
256 2878 291 2939 in
307 2899 463 2955 magnum
481 2877 591 2941 fertur
607 2899 714 2954 mare;
733 2879 791 2955 qui
807 2878 872 2940 nisi
889 2886 1006 2942 contra

153 3007 293 3065 corpora
310 2988 474 3051 retribuat
490 2989 589 3051 rebus
606 2995 794 3065 recreetque
812 2988 955 3065 fluentis,

154 3096 263 3159 omnia
278 3097 344 3159 iam
358 3098 502 3160 resoluta
518 3096 629 3160 forent
645 3104 677 3160 et
692 3098 727 3158 in
742 3118 820 3160 aera
833 3117 940 3160 uersa.

112 3207 236 3269 -haut
250 3206 354 3284 igitur
368 3213 471 3269 cessat
485 3206 578 3284 gigni
593 3208 632 3270 de
647 3208 744 3269 rebus
759 3213 791 3269 et
806 3206 841 3267 in
856 3228 908 3270 res

154 3316 326 3392 reccidere,
346 3316 482 3379 adsidue
501 3316 655 3392 quoniam
674 3316 774 3378 fluere
793 3316 902 3378 omnia
920 3323 1057 3379 constat.

515 3421 565 3472 DE
585 3421 670 3471 IGNI
689 3422 737 3472 ΕΤ
756 3421 850 3471 SOLE

172 3494 345 3570 -Largus
361 3492 439 3556 item
455 3491 575 3569 liquidi
592 3492 668 3555 fons
683 3491 827 3567 luminis,
844 3491 1010 3554 aetherius
1025 3493 1082 3569 sol,

154 3602 278 3680 inrigat
296 3602 432 3666 adsidue
450 3603 575 3664 caelum
592 3602 733 3665 candore
750 3600 874 3664 recenti

154 3711 411 3790 suppeditatque
428 3730 516 3773 nouo
533 3710 706 3773 confestim
723 3709 847 3773 lumine
864 3693 985 3772 lumen.

154 3842 228 3884 uam
246 3821 392 3899 primum
409 3819 565 3897 quiequid
582 3819 724 3897 fulgoris
740 3819 880 3896 disperit
897 3818 936 3895 ei,

154 3949 357 4008 quocumque
375 3928 582 3992 accidit-id
598 3928 675 3990 licet
691 3928 768 3990 hine
786 3947 977 4005 cognoscere
995 3915 1122 4004 possis,'
1212 3910 1216 3915 ⁴

163 4079 212 4130 257
223 4079 296 4140 culp.
312 4077 371 4128 alid

647 4195 721 4246 [1⁷3]
