3190 4682
657 464 708 512 DE
726 463 858 513 RERVM
876 459 1030 513 NATVRA
1050 463 1093 513 IV

363 677 498 755 effigiae‚
515 677 709 756 singillatim
726 698 807 755 quas
823 698 955 741 cernere
971 698 1067 741 nemo

363 807 438 849 cum
455 786 567 864 possit,
583 794 694 850 tamen
709 787 849 851 adsiduo
863 789 1040 865 crebroque
1056 788 1193 866 repulsu

363 896 503 959 reiectae
517 897 664 959 reddunt
678 898 886 974 speculorum
902 918 942 960 ex
957 917 1097 974 aequore
1112 896 1230 973 uisum,

363 1025 423 1068 nec
439 1005 567 1068 ratione
584 1006 649 1069 alia
664 1006 792 1069 seruari
808 1026 901 1084 posse
916 1006 1085 1083 uidentur,

363 1122 458 1178 tanto
474 1135 571 1193 opere
586 1123 626 1178 ut
641 1115 762 1178 similes
778 1115 963 1178 reddantur
980 1115 1098 1193 cuique
1112 1115 1246 1193 figurae.

425 1394 522 1457 Nunc
538 1414 597 1472 age
613 1415 711 1471 quam
727 1394 820 1457 tenui
835 1401 958 1457 natura
974 1401 1100 1457 constet
1115 1394 1224 1472 imago

362 1503 505 1581 percipe.
543 1510 575 1567 et
591 1504 627 1564 in
642 1504 767 1582 primis,
784 1504 939 1581 quoniam
955 1504 1139 1582 primordia
1153 1511 1282 1567 tantum

362 1620 441 1676 sunt
456 1611 549 1677 infra
563 1620 692 1676 nostros
706 1633 820 1676 sensus
835 1620 994 1690 tantoque
1008 1613 1137 1677 minora

362 1743 461 1800 quam
476 1743 560 1800 quae
576 1722 721 1800 primum
737 1723 823 1785 oculi
839 1729 994 1801 coeptant
1009 1743 1076 1785 non
1091 1743 1184 1801 posse
1200 1719 1293 1795 tueri,

361 1852 450 1895 nunc
467 1839 578 1895 tamen
595 1832 629 1894 id
647 1852 775 1909 quoque
792 1832 844 1894 uti
861 1831 1057 1910 confirmem,
1075 1832 1211 1894 exordia
1226 1843 1330 1893 rerum

361 1948 557 2005 cunctarum
573 1962 671 2019 quam
687 1941 754 2003 sint
769 1941 907 2019 suptilia
922 1941 1055 2019 percipe
1070 1941 1195 2019 paucis,

591 2048 702 2113 QVAM
725 2048 856 2097 PARVA
879 2047 966 2098 SINT
990 2048 1189 2097 ANIMALIA

318 2136 506 2213 —primum
523 2135 679 2200 animalia
696 2144 773 2199 sunt
790 2137 856 2199 iam
872 2136 996 2214 partim
1012 2138 1153 2213 tantula,
1170 2156 1280 2200 corum

360 2246 462 2309 tertia
477 2266 556 2323 pars
572 2247 667 2310 nulla
682 2246 785 2324 possit
801 2246 929 2309 ratione
945 2246 1064 2308 uideri.

1444 1908 1483 1960 115

360 2355 478 2418 horum
494 2355 689 2418 intestinum
705 2356 846 2432 quoduis
862 2357 958 2432 quale
976 2375 1042 2418 esso
1060 2355 1292 2434 putandumst!

361 2464 441 2542 quid
459 2465 567 2527 cordis
582 2466 697 2543 globus
713 2472 771 2528 aut
787 2465 894 2528 oculil
911 2465 991 2542 quid
1007 2466 1173 2527 membra?
1190 2465 1269 2542 quid
1284 2446 1390 2539 artus?

361 2575 523 2651 quantula
538 2577 633 2637 sunt!
650 2575 731 2651 quid
747 2582 919 2652 praetcrea
936 2574 1118 2653 primordia
1135 2595 1280 2652 quaeque
1442 2532 1478 2586 1²⁰

359 2684 448 2746 unde
464 2683 575 2747 anima
589 2691 688 2761 atque
704 2684 805 2746 animi
821 2690 946 2746 constet
961 2690 1083 2747 natura
1098 2682 1314 2747 necessumst?

359 2813 468 2856 nonne
484 2793 577 2856 uides
594 2813 692 2870 quam
709 2794 777 2856 sint
792 2794 929 2857 subtilia
944 2814 1107 2870 quamque
1123 2793 1273 2856 minutal

357 2909 530 2979 praetcrea
549 2922 771 2980 quaecumque
789 2923 849 2965 suo
866 2904 906 2965 de
926 2923 1061 2980 corpore
1080 2904 1211 2965 odorem

359 3012 514 3089 expirant
530 3032 647 3088 acrem,
664 3033 805 3090 panaces
820 3012 986 3075 absinthia
1001 3019 1110 3075 taetra

359 3121 597 3198 habrotonique
614 3142 732 3199 graues
748 3128 780 3184 et
796 3121 908 3185 tristia
923 3129 1108 3199 centaurea,

310 3232 313 3237 ’
359 3249 499 3307 quorum
516 3250 620 3292 unum
637 3230 771 3308 quiduis
788 3230 907 3293 leuiter
924 3231 952 3292 si
970 3230 1057 3293 forte
1075 3231 1202 3293 duobus

905 3340 922 3375 ᾖ

661 3614 784 3674 <Essa
807 3616 904 3665 ITEM
927 3615 1111 3673 MAIORA>

357 3703 439 3780 quin
456 3704 568 3781 potius
583 3723 697 3766 noscas
713 3724 825 3766 rerum
841 3704 1017 3767 simulacra
1033 3704 1151 3782 uagari

356 3813 462 3875 multa
478 3813 584 3875 modis
598 3813 712 3875 multis
727 3814 821 3877 nulla
836 3813 872 3875 ui
889 3833 1043 3890 cassaque
1060 3816 1178 3876 sensui

421 3922 486 3984 Sed
501 3942 542 3983 ne
557 3922 645 3985 forte
661 3929 758 4000 putes
773 3922 957 3984 cadomum
973 3923 1042 3984 sola
1056 3923 1183 4000 uagari,

368 4054 418 4103 117
430 4054 496 4114 fort.
512 4053 621 4118 integra
