3234 4684
537 448 567 499 T.
586 449 748 500 Lucrum
767 449 855 500 CARI

118 665 221 742 —qui
239 671 398 744 poterunt
414 664 518 743 igitur
534 686 646 729 rerum
662 665 845 744 primordia
861 665 927 728 diei

161 781 194 837 et
212 774 273 837 leti
288 775 396 838 uitare
412 775 495 852 uias,
514 775 670 839 animalia
686 795 760 838 eum
777 775 853 852 sint,

162 889 265 961 atque
282 884 478 948 animalibu'
496 884 691 947 mortalibus
713 885 858 958 <sint>
877 906 946 948 una
963 885 1160 962 eademque?

160 993 253 1070 quod
268 1000 378 1056 tamen
393 1001 432 1056 ut
448 993 584 1071 possint,
601 1000 636 1056 at
652 1000 746 1056 eoetu
762 993 962 1070 concilioque

160 1101 210 1163 nil
230 1102 356 1165 facient
375 1111 508 1181 praeter
526 1104 661 1180 uolgum
680 1104 877 1180 turbamque
897 1103 1112 1179 animantum,

159 1212 288 1275 scilieet
304 1219 342 1275 ut
357 1221 523 1290 nequeant
538 1213 686 1276 homines
701 1218 852 1276 armenta
867 1212 1023 1290 feraeque

160 1321 251 1384 inter
262 1321 335 1384 'sese
351 1323 454 1385 uliam
471 1342 540 1383 rem
557 1322 691 1400 gignere
708 1322 947 1385 conueniundo.

161 1433 251 1509 quod
268 1431 295 1493 si
311 1432 398 1494 forte
413 1452 510 1494 suum
526 1432 701 1494 dimittunt
717 1451 852 1509 corpore
868 1452 998 1494 sensum
1071 1458 1075 1467 ’

161 1548 264 1618 atque
280 1541 381 1604 alium
396 1541 544 1619 eapiunt,
560 1542 641 1619 quid
657 1561 740 1619 opus
754 1541 822 1604 fuit
838 1541 988 1605 adtribui
1002 1540 1139 1618 idquod

159 1650 373 1713 detrahitur?
391 1658 462 1713 tum
480 1658 659 1728 praeterea,
679 1652 766 1729 quod
784 1651 984 1728 sumpsimus
1001 1659 1086 1728 ante,

161 1760 321 1836 quatinus
337 1760 372 1821 in
389 1760 498 1837 pullos
513 1760 666 1823 animalis
680 1760 806 1824 uertier
823 1781 886 1824 oua

160 1869 327 1932 cernimus
346 1869 488 1932 alituum
505 1869 692 1946 uermisque
711 1871 887 1947 efferuere,-
898 1877 1022 1933 terram

161 1978 412 2056 intempestiuos
428 1999 525 2057 quom
542 1987 641 2057 putor
657 1978 745 2057 oepit
761 1981 800 2043 ob
817 1979 940 2057 imbris,

161 2089 244 2151 seire
260 2089 337 2151 lieet
352 2088 445 2166 gigni
461 2109 553 2167 posse
569 2111 608 2153 ex
624 2109 690 2151 non
706 2089 852 2152 sensibu'
868 2109 990 2152 sensus.

225 2199 321 2276 Quod
338 2199 365 2260 si
380 2198 468 2262 forte
484 2198 604 2276 aliquis
619 2199 706 2262 dieet
722 2200 896 2262 dumtaxat
912 2199 993 2261 oriri

161 2326 254 2384 posse
272 2329 311 2370 ex
326 2328 393 2370 non
409 2328 506 2370 sensu
523 2328 636 2370 sensus
651 2308 884 2385 mutabilitate,

161 2425 219 2479 aut
237 2417 348 2494 aliquo
363 2424 532 2495 tamquam
549 2426 651 2495 partu
667 2437 733 2495 quo
749 2419 904 2495 proditur
921 2423 1024 2494 extra,
1106 2462 1109 2465 >

160 2526 237 2589 huie
254 2527 334 2589 satis
350 2526 434 2589 illud
450 2527 514 2590 erit
530 2528 667 2605 planum
683 2527 793 2591 faeere
810 2533 908 2604 atque
924 2529 1064 2605 probare

160 2655 226 2697 non
242 2636 315 2698 fieri
332 2643 467 2714 partum
483 2636 548 2699 nisi
564 2637 702 2700 coneilio
717 2644 794 2700 ante
811 2644 923 2700 ooaoto

160 2764 218 2808 nee
236 2745 412 2822 quiequam
429 2747 624 2809 commutari
640 2746 709 2809 sine
727 2746 913 2810 conciliatu.

160 2854 327 2932 principio
342 2862 511 2932 nequeunt
526 2856 627 2919 ullius
643 2857 789 2934 eorporis
805 2876 872 2919 esse

117 3050 121 3056 ς
160 2982 274 3026 sensus
289 2972 365 3028 ante
382 2965 487 3042 ipsam
503 2965 648 3043 genitam
664 2972 819 3029 naturam
836 2965 1024 3043 animantis,
1061 3000 1063 3007 1

122 3072 317 3136 -nimirum
333 3074 411 3151 quia
425 3074 579 3138 materies
593 3075 729 3138 disiecta
743 3082 876 3138 tenetur

161 3202 234 3246 aere
250 3183 441 3246 fluminibus
457 3184 557 3246 terris
570 3192 724 3261 terraque
740 3184 868 3261 0100118,

161 3311 218 3355 nee
236 3313 408 3371 congressa
424 3294 522 3357 semel
539 3293 653 3357 uitalis
669 3294 900 3357 conuenientes

162 3401 301 3465 eontulit
318 3403 405 3465 inter
422 3423 454 3465 se
472 3410 588 3479 motus,
608 3404 726 3480 quibus
744 3404 963 3467 omnituentes

162 3512 286 3574 aeeensi
302 3532 417 3575 sensus
432 3512 633 3575 animantem
650 3534 812 3590 quamque
827 3521 975 3576 tuentur.

179 3622 398 3685 —Praeterea
415 3622 568 3699 quamuis
585 3622 786 3686 animantem
804 3623 963 3700 grandior
981 3622 1075 3700 101118,

163 3748 259 3807 quam
276 3730 407 3810 patitur
423 3739 556 3808 natura,-
574 3739 709 3810 repente
728 3732 857 3810 adfligit
875 3740 907 3796 et
925 3733 1030 3795 omnis

162 3840 305 3918 eorporis
321 3849 420 3919 atque
436 3841 544 3904 animi<
554 3842 663 3919 pergit
680 3842 883 3904 confundere
899 3863 1022 3905 sensus.
1083 3864 1085 3876 ²

171 3970 220 4020 918
229 3972 302 4034 vulp.
319 3973 456 4023 animalia
474 3972 597 4032 <sint>

173 4037 221 4089 926
230 4040 302 4102 01119.
320 4040 438 4091 diximus

172 4105 219 4156 941
229 4109 312 4159 modo
