3190 4682
518 483 548 532 Τ.
569 483 732 534 LVCRETI
752 483 841 534 CARI

148 693 244 771 plaga
258 714 317 757 nee
333 696 374 758 ad
392 703 522 759 nostras
538 696 622 760 aeies
638 697 823 774 perlabitur
840 698 934 774 ietus,

148 823 222 866 aera
237 806 452 882 permultum
469 805 547 883 quia
562 808 641 869 dum
656 807 832 870 simulacra
848 807 1015 885 feruntur,

147 913 231 989 eogit
246 914 415 977 hebescere
431 935 505 976 eum
520 916 642 978 crebris
657 916 835 979 offensibus
849 937 914 979 aer.

146 1023 204 1085 boe
220 1023 278 1085 ubi
295 1024 435 1101 suffugit
451 1046 581 1087 sensum
597 1025 695 1087 simul
713 1027 854 1103 angulus
871 1026 984 1103 01111113,

145 1131 183 1194 fit.
198 1133 293 1210 quasi
309 1141 348 1197 ut
365 1135 408 1196 ad
424 1140 562 1197 turnum
578 1155 731 1198 saxorum
748 1142 876 1198 structa
891 1142 1042 1199 tuantur.

145 1261 209 1303 non
225 1248 336 1305 tamen
351 1249 390 1305 ut
406 1263 515 1306 eoram
531 1264 614 1321 quae
630 1250 707 1305 sunt
723 1265 865 1321 uereque
881 1246 1040 1321 rutunda

145 1351 199 1412 sed
214 1351 310 1428 quasi
326 1353 547 1415 adumbratim
564 1354 701 1430 paulum
717 1353 872 1417 simulata
887 1354 1055 1417 uidentur.

476 1459 526 1508 DE
547 1459 684 1509 VMBRA
705 1458 871 1510 HOMINIS

144 1545 271 1609 Vmbra
285 1547 421 1610 uidetur
436 1547 514 1610 item
530 1548 624 1610 nobis
640 1548 675 1609 in
692 1549 757 1611 sole
772 1548 898 1611 moueri

144 1663 176 1717 et
191 1655 334 1733 uestigia
350 1663 463 1720 nestra
480 1657 571 1734 sequi
588 1664 780 1735 gestumque
797 1658 939 1735 imitari3

144 1784 220 1828 aera
236 1765 265 1827 si
281 1766 387 1827 eredis
403 1766 574 1843 priuatum
591 1767 714 1829 lumine
732 1787 824 1844 posse

143 1874 331 1951 indugredi,
347 1882 455 1938 motus
468 1876 638 1938 hominum
654 1883 845 1954 gestumque
862 1884 1067 1954 sequentem;

129 1984 220 2058 (nam
234 1984 320 2045 nihil
334 2004 400 2047 esse
415 1991 522 2062 potest
538 1985 622 2049 aliut
636 1986 700 2047 nisi
714 1986 837 2050 lumine
853 2007 962 2049 eassus

142 2114 198 2156 aer
212 2093 247 2155 id
263 2094 350 2170 qued
365 2114 424 2156 nos
437 2096 588 2157 umbram
602 2095 774 2173 perhibere
789 2098 950 2172 suemus).

103 2203 301 2265 -nimirum
317 2203 394 2280 quia
408 2211 498 2267 terra
513 2204 592 2267 10013
607 2224 647 2265 ex
662 2204 777 2267 ordine
792 2205 891 2267 eertis

141 2312 267 2375 lumine
284 2313 440 2390 priuatur
456 2314 532 2375 30113
549 2334 754 2391 quacumque
770 2322 915 2377 meantes

142 2422 309 2498 offieimus,
328 2423 476 2499 repletur
493 2423 571 2485 item
587 2424 675 2500 quod
691 2423 848 2500 liquimus
865 2425 944 2500 eius,

141 2539 320 2609 propterea
336 2531 373 2594 fit
389 2533 440 2594 uti
456 2532 722 2611 uideatur,‚quae
739 2534 807 2596 fuit
823 2537 940 2598 umbra

142 2641 300 2718 emperie,
317 2661 333 2702 e
348 2642 479 2719 regione
495 2643 608 2705 eadem
623 2663 682 2705 nos
697 2664 799 2721 usque
815 2652 936 2706 seeuta.

140 2771 271 2828 semper
286 2751 373 2813 enirn
387 2772 474 2814 noua
490 2773 523 2815 se
539 2753 708 2816 radiorum
723 2753 849 2815 lumina
865 2752 1015 2815 fundunt

141 2860 317 2937 primaque
333 2860 536 2938 dispereunt,
554 2862 647 2938 quasi
665 2862 700 2922 in
716 2862 825 2938 ignem
841 2863 918 2925 lana
935 2863 1099 2925 trahatur.

140 2975 321 3047 propterea
338 2969 436 3033 faeile
454 2977 486 3033 et
504 2971 666 3048 spoliatur
683 2971 807 3034 lumine
825 2977 916 3034 terra

140 3086 171 3141 et
188 3079 340 3156 repletur
356 3079 434 3143 item
452 3079 628 3157 nigrasque
645 3080 707 3142 sibi
724 3080 829 3143 abluit
846 3082 989 3143 umbras,

204 3442 272 3503 Nee
289 3450 399 3505 tamen
415 3442 468 3505 hie
485 3443 594 3505 oeulos
610 3443 684 3505 falli
701 3444 908 3506 concedimus
923 3444 1037 3507 hilum.

139 3571 219 3613 nam
237 3572 440 3629 quocumque
457 3553 529 3614 loeo
543 3553 586 3615 sit
604 3554 662 3615 lux
679 3560 777 3630 atque
794 3555 912 3616 umbra
928 3554 1016 3616 tueri

139 3659 275 3723 illorum
292 3669 357 3737 est;
374 3663 487 3724 eadem
503 3683 584 3725 11010
599 3663 665 3725 sint
683 3663 809 3726 lumina
826 3683 936 3738 neene,

139 3772 324 3847 umbraque
341 3792 424 3848 quae
442 3771 509 3834 fuit
526 3771 579 3834 hie
596 3772 708 3835 eadem
725 3793 814 3834 nune
830 3779 977 3835 transeat
994 3773 1082 3849 illue,

140 3900 184 3941 an
200 3880 311 3957 potius
325 3879 384 3942 fiat
398 3881 498 3957 paulo
512 3882 599 3958 quod
614 3881 757 3944 diximus
773 3889 858 3958 ante,

139 3989 201 4051 hoe
219 3989 321 4052 animi
337 3989 469 4071 demum
486 3991 571 4053 ratio
589 3991 773 4054 diseernere
789 3992 895 4068 debet,

151 4121 203 4169 361
214 4122 286 4182 0019.
302 4125 411 4171 ternum
432 4158 437 4170 .
458 4158 463 4170 .
484 4158 490 4170 .
509 4125 635 4171 terantur

639 4257 711 4308 [131]
