3190 4682
631 449 682 498 DE
700 449 832 498 RERVM
850 448 1004 498 NATVRA
1024 449 1067 498 IV

338 669 488 725 texturas
504 682 615 725 rerum
631 663 741 727 tenuis
756 663 930 742 tenuisque
946 664 1079 742 figuras.

294 792 417 849 -ergo
431 773 538 835 multa
553 773 647 835 breui
663 773 772 850 spatio
787 773 964 836 simulacra
980 780 1152 851 geruntur,

337 888 376 944 ut
389 882 508 944 merito
521 882 606 944 celer
618 882 670 945 his
683 884 781 946 rebus
796 882 927 946 dicatur
942 883 1043 961 origo.
1126 916 1129 921 ,

294 997 371 1054 -et
387 991 482 1069 quasi
497 992 603 1054 multa
618 992 712 1055 breui
728 992 837 1069 spatio
852 992 1057 1055 summittere
1074 992 1170 1056 debet

337 1100 465 1164 lumina
480 1102 528 1163 sol
543 1109 582 1163 ut
598 1109 759 1179 perpetuo
774 1101 841 1163 sint
858 1102 967 1183 omnia
983 1102 1091 1179 plena,

337 1210 384 1273 sio
402 1212 442 1273 ab
459 1212 557 1274 rebus
574 1211 653 1272 item
671 1210 770 1272 simili
787 1210 916 1274 ratione
933 1217 1093 1273 necessest

336 1319 496 1397 temporis
512 1320 548 1382 in
566 1328 691 1397 puncto
707 1340 818 1383 rerum
836 1319 1013 1383 simulacra
1031 1319 1187 1384 ferantur

337 1431 444 1492 multa
458 1430 563 1492 modis
579 1430 692 1492 multis
708 1430 743 1491 in
760 1436 895 1492 cunetas
910 1429 1057 1506 undique
1074 1430 1190 1507 partis.

293 1538 604 1618 —quandoquidem
619 1540 788 1617 speculum
803 1559 1007 1616 quocumque
1023 1539 1226 1601 obuertimus
1241 1532 1322 1601 oris,

337 1670 389 1712 res
405 1647 452 1711 ibi
467 1650 669 1726 respondent
683 1648 782 1711 simili
798 1648 908 1711 forma
923 1655 1022 1725 atque
1038 1649 1154 1712 eolore.

320 1754 513 1844 iipraeterea
529 1759 626 1821 modo
643 1779 717 1821 eum
735 1758 840 1821 fuerit
857 1757 1077 1835 liquidissima
1094 1753 1176 1820 eaeli

337 1876 523 1946 tempestas,
541 1889 700 1946 perquam
717 1867 827 1930 subito
841 1867 879 1929 fit
894 1867 1031 1930 turbida
1047 1867 1152 1945 foede,

337 1978 484 2055 undique
500 1978 552 2040 uti
567 1979 719 2041 tenebras
736 1977 841 2055 omnis
856 1977 1049 2040 Acherunta
1066 1977 1171 2040 rearis

336 2087 470 2164 liquisse
487 2094 519 2151 et
534 2108 671 2165 magnas
686 2088 767 2150 eaeli
783 2088 959 2165 eomplesse
974 2107 1142 2150 eauernas.

336 2218 440 2274 usque
457 2198 539 2260 adeo
554 2204 662 2260 taetra
679 2197 865 2260 nimborum
883 2203 977 2259 noete
996 2202 1108 2259 coorta

336 2307 519 2385 inpendent
535 2314 626 2370 atrae
643 2306 832 2369 formidinis
848 2327 905 2369 ora
919 2327 1070 2384 superne.

293 2437 477 2494 —quorum
494 2418 657 2495 quantula
674 2437 753 2495 pars
770 2416 813 2478 sit
830 2416 938 2494 imago
956 2415 1063 2478 dicere
1080 2424 1207 2478 nemost

336 2526 394 2603 qui
411 2526 513 2604 possit
530 2546 635 2603 neque
652 2547 723 2589 eam
740 2526 901 2588 rationem
918 2526 1055 2588 reddere
1074 2522 1215 2611 disstisd

546 2717 595 2766 DE
619 2716 856 2768 CELERITATE
878 2715 1185 2767 SIMVLAGRORVM

399 2807 495 2869 Nune
511 2827 579 2884 age,
595 2826 694 2882 quam
709 2806 806 2868 eeleri
820 2813 912 2867 motu
927 2804 1103 2868 simulacra
1119 2804 1272 2868 ferantur

336 2921 368 2976 et
384 2935 467 2992 quae
483 2909 648 2977 mobilitas
664 2916 736 2977 ollis
752 2914 965 2977 tranantibus
981 2935 1079 2977 auras

336 3025 469 3088 reddita
484 3024 537 3101 sit,
554 3026 653 3102 longo
667 3024 777 3102 spatio
790 3031 829 3086 ut
845 3024 956 3087 breuis
972 3025 1053 3087 hora
1069 3031 1208 3101 teratur,

336 3134 371 3195 in
388 3154 484 3211 quem
502 3154 649 3211 quaeque
666 3135 773 3196 loeum
790 3134 922 3196 diuerso
939 3134 1073 3196 numine
1091 3133 1208 3210 tendit,

336 3243 516 3306 suauidieis
530 3244 641 3321 potius
654 3264 754 3320 quam
767 3243 881 3305 multis
895 3243 1046 3306 uersibus
1062 3243 1173 3318 edam3

321 3354 464 3431 (paruus
480 3360 519 3415 ut
537 3360 585 3416 est
603 3352 701 3430 cygni
718 3353 833 3414 melior
851 3372 960 3429 aanor,
979 3352 1033 3413 ille
1051 3373 1172 3429 gruum
1190 3371 1286 3429 quam

335 3464 457 3525 elamor
474 3463 509 3523 in
529 3463 683 3525 aetheriis
700 3463 867 3540 dispersus
884 3462 1028 3525 nubibus
1045 3461 1182 3537 austri).

292 3572 502 3650 -prineipio
519 3593 675 3650 persaepe
693 3572 776 3635 leuis
793 3592 845 3634 res
863 3579 961 3648 atque
979 3570 1116 3633 minutis
1213 3624 1215 3631 ,

336 3682 528 3760 eorporibus
544 3681 651 3744 iactas
668 3681 782 3744 eeleris
797 3681 874 3744 lieet
891 3701 957 3770 esse
973 3680 1097 3743 uidere.
1136 3743 1138 3749 ,

336 3792 372 3853 in
387 3812 453 3868 quo
467 3791 533 3854 iam
549 3810 666 3868 genere
679 3798 730 3859 ,est
746 3791 822 3853 solis
838 3791 897 3855 lux
912 3797 944 3852 et
960 3810 1066 3867 uapor
1082 3789 1152 3852 eius

336 3907 512 3979 propterea
528 3900 607 3977 quia
620 3907 698 3965 sunt
715 3922 731 3963 e
747 3900 863 3977 primis
879 3898 970 3962 faeta
985 3898 1123 3961 minutis

346 4034 396 4082 159
406 4033 478 4094 vulp.
499 4035 636 4098 genantur
706 4095 715 4104 ¹

346 4102 395 4150 166
407 4101 473 4161 fort.
489 4099 563 4149 oeius

346 4170 396 4218 178
407 4168 516 4219 feratur
536 4169 602 4230 sort.
621 4171 733 4232 petatur
829 4217 902 4268 [124]
