3234 4684
722 426 752 475 Τ.
771 426 934 477 LVGREYI
952 427 1041 477 canl

351 655 392 700 ex
406 636 538 700 infinito
551 638 694 702 suboriri
709 639 804 718 eopia
818 646 936 718 posset,

351 747 440 812 unde
456 747 575 811 amissa
590 749 695 811 solent
710 769 867 827 reparare
882 749 917 812 in
932 756 1078 828 tempore
1096 770 1252 828 quaeque.
1273 804 1275 808 ,

336 855 430 933 (nam
445 857 551 921 ueluti
566 857 702 936 priuata
717 859 790 922 oibo
803 865 926 923 natura
941 859 1149 930 animantum

351 965 470 1029 diffluit
486 966 641 1031 amittens
657 987 786 1047 eorpus,
802 968 849 1032 sio
866 968 976 1032 omnia
990 969 1111 1032 debent

351 1075 488 1140 dissolui
502 1076 600 1140 simul
616 1098 654 1141 ae
668 1077 791 1141 defecit
806 1077 1020 1156 suppeditare

350 1185 503 1250 materies
519 1186 631 1264 aliqua
645 1187 773 1252 ratione
789 1208 906 1251 auersa
920 1187 1016 1265 uiai.)

351 1315 410 1358 1111
425 1297 543 1375 plagae
557 1304 695 1375 possunt
710 1297 914 1361 extrinsecus
927 1297 1074 1375 undique
1090 1317 1250 1361 summam

350 1424 545 1470 conseruare
561 1425 688 1471 omnem
704 1427 927 1484 quaecumque
942 1414 991 1472 est
1006 1407 1190 1471 conciliata.

334 1513 471 1591 (11111111
485 1515 573 1578 enim
588 1517 703 1580 erebro
717 1524 855 1595 possunt
871 1523 1064 1595 partemque
1079 1516 1211 1595 morari,

349 1624 430 1687 dum
443 1625 582 1689 ueniant
596 1625 681 1690 aliae
696 1647 734 1690 11
748 1626 898 1715 suppleri
912 1647 1040 1690 summa
1054 1632 1204 1704 queatur.

349 1733 518 1798 interdum
533 1735 660 1800 resilire
676 1743 786 1799 tamen
802 1743 967 1814 cogrmtur
982 1744 1015 1801 et
1029 1757 1097 1800 una

349 1844 524 1924 principiis
542 1866 654 1909 rerum
671 1845 817 1924 spatium
833 1851 1029 1923 tempusque
1047 1845 1143 1924 fugai
1226 1840 1230 1849 ’

349 1954 475 2032 largiri,
491 1962 530 2019 ut
544 1955 671 2033 possint
686 1977 706 2019 a
720 1962 815 2019 ooetu
829 1955 934 2019 libera
949 1955 1059 2033 ferri.)

305 2085 452 2142 -quare
469 2064 568 2128 etiam
584 2071 682 2142 atque
698 2065 797 2129 etiam
813 2065 957 2129 suboriri
973 2066 1079 2129 multa
1095 2072 1265 2142 necessest,

350 2181 382 2239 et
397 2181 508 2237 tamen
521 2180 561 2237 ut
575 2175 692 2254 plagae
708 2195 836 2252 quoque
852 2174 979 2252 possint
993 2183 1170 2253 suppetere
1186 2157 1285 2253 ipsae,

350 2283 482 2347 infinita
496 2303 579 2361 opus
594 2291 642 2349 est
657 2284 710 2348 uis
724 2284 872 2362 undique
887 2283 1065 2361 materiai.)

578 2483 586 2500 ⁹
657 2476 719 2526 ΕΙΣ
740 2475 787 2525 ΤΟ
806 2475 938 2526 ΜΕΣΟΝ
957 2475 985 2525 Η
1003 2475 1102 2526 ΦΟΡΑ

414 2565 504 2627 Illud
520 2564 555 2626 in
570 2564 623 2627 his
637 2565 736 2628 rebus
751 2565 847 2642 longe
863 2564 943 2642 fuge
960 2565 1102 2641 11111111,
1119 2564 1260 2641 Memmi,

350 2674 386 2736 in
399 2674 543 2738 medium
558 2695 702 2737 summae
717 2675 805 2752 quod
821 2674 937 2736 dieunt
952 2673 1062 2735 omnia
1075 2673 1149 2751 niti,

350 2791 449 2862 atque
466 2783 540 2847 ideo
553 2783 671 2846 mundi
686 2791 841 2847 naturam
857 2790 945 2847 stare
961 2783 1031 2846 sine
1048 2782 1126 2846 ullis

350 2893 471 2957 ictibus
484 2893 628 2956 externis
643 2914 747 2971 neque
763 2913 927 2970 quoquam
942 2913 1035 2971 posse
1050 2892 1171 2956 resolui

350 3024 479 3067 summa
494 3010 593 3081 atque
609 3003 684 3079 ima,
702 3004 790 3080 quod
807 3002 843 3063 in
858 3003 1003 3065 medium
1019 3002 1087 3065 sint
1103 3001 1212 3066 omnia
1228 3001 1308 3087 nixa

335 3113 461 3190 (ipsum
478 3112 506 3175 si
524 3112 700 3190 quiequam
718 3132 810 3190 posse
828 3112 864 3173 in
881 3132 914 3174 se
932 3112 1046 3175 sistere
1065 3094 1223 3189 1111111);Ι
1255 3119 1261 3130 ’

351 3230 383 3286 et
398 3243 481 3300 quae
497 3223 645 3300 pondera
660 3221 727 3284 sint
743 3223 804 3284 sub
819 3221 919 3284 terris
934 3221 1044 3285 omnia
1059 3241 1190 3284 sursum

350 3332 451 3394 nitier
466 3331 501 3394 in
515 3337 670 3409 terraque
686 3337 776 3393 retro
790 3331 991 3408 requiescere
1008 3337 1112 3409 posta,

350 3447 389 3505 ut
403 3462 463 3520 per
477 3462 579 3519 aquas
593 3462 676 3519 quae
691 3461 779 3503 nune
794 3461 905 3503 rerum
920 3440 1096 3503 simulacra
1110 3439 1270 3504 uidemus.

351 3557 383 3614 et
397 3550 497 3613 simili
511 3550 639 3613 ratione
655 3549 811 3613 animalia
826 3570 935 3627 suppa
948 3550 1067 3628 uagari

350 3661 556 3725 contendunt
569 3680 675 3737 neque
690 3680 783 3737 posse
799 3681 816 3722 e
830 3659 929 3722 terris
943 3658 978 3720 in
993 3660 1064 3722 loca
1079 3657 1160 3722 caeli

350 3770 513 3834 reeoidere
533 3769 694 3833 inferiora
713 3768 818 3846 magis
838 3788 936 3845 quam
956 3789 1095 3846 corpora
1114 3776 1227 3831 nostra

351 3887 467 3959 sponte
483 3900 543 3943 sua
560 3879 686 3958 possint
704 3878 739 3940 in
756 3878 837 3941 eaeli
853 3878 978 3956 templa
994 3879 1124 3956 uolare;

349 3989 398 4052 1111
415 4011 490 4053 eum
506 3988 643 4052 uideant
659 3989 767 4064 solem,
785 4007 844 4049 nos
860 3987 970 4050 sidera
986 3988 1091 4051 noetis

345 4122 412 4172 1058
423 4125 490 4171 sunt

853 4185 910 4237 [³⁶]
