3234 4684
600 448 652 498 DE
670 448 802 499 RERVM
820 449 975 500 NATVRA
994 449 1029 499 ΙΙ

299 661 421 739 quique
435 683 496 726 suo
508 683 626 741 genere
641 664 729 727 inter
743 685 777 729 se
792 665 897 729 simile
912 686 979 729 esse
994 665 1132 743 uidebis,

298 772 380 849 quin
395 772 598 837 intercurrat
615 774 776 851 quaedam
791 775 952 839 distantia
968 775 1094 838 formis.

282 882 562 960 (concharumque
578 903 682 961 genus
696 883 797 962 parili
812 884 940 948 ratione
956 884 1107 948 uidemus

298 991 435 1069 pingere
451 992 581 1055 telluris
597 992 767 1071 gremium,
785 1013 850 1070 qua
866 994 1019 1057 mollibus
1033 993 1134 1058 undis

298 1100 406 1190 litoris
424 1101 557 1165 incurui
575 1102 723 1165 bibulam
742 1102 838 1180 pauit
857 1123 980 1181 aequor
997 1105 1182 1181 harenam.)

254 1231 400 1288 —quare
416 1211 516 1274 etiam
532 1219 630 1289 atque
648 1212 747 1276 etiam
763 1212 864 1274 simili
879 1212 1007 1278 ratione
1024 1220 1193 1290 necessest,

297 1325 419 1383 natura
435 1320 590 1398 quoniam
605 1329 757 1385 constant
772 1342 878 1399 neque
894 1321 986 1386 facta
999 1343 1101 1386 manu
1117 1330 1196 1386 sunt

297 1429 398 1492 unius
414 1431 457 1493 ad
473 1437 596 1493 certam
612 1430 755 1494 formam
771 1431 954 1509 primordia
971 1453 1093 1509 rerum,

298 1538 450 1602 dissimili
466 1539 554 1602 inter
571 1560 604 1603 se
621 1542 782 1617 quaedam
797 1541 938 1604 uolitare
954 1542 1072 1619 figura.

360 1817 524 1882 Perfacile
540 1826 588 1882 θεῖ
604 1819 706 1882 animi
721 1820 849 1884 ratione
864 1821 1031 1884 exsoluere
1046 1820 1141 1883 nobis

298 1947 399 2004 quare
418 1928 599 1992 fulmineus
614 1929 719 1992 multo
735 1929 937 2007 penetralior
954 1930 1041 2007 ignis

297 2057 396 2114 quarn
411 2044 523 2100 noster
539 2038 614 2100 fuat
630 2058 647 2100 e
662 2039 770 2101 taedis
784 2039 997 2102 terrestribus
1013 2046 1115 2103 ortus,

297 2146 405 2210 dicere
423 2146 509 2210 enim
527 2147 631 2225 possis
647 2148 816 2212 caelestem
834 2148 988 2211 fulminis
1003 2149 1113 2227 ignem

297 2255 453 2333 suptilem
468 2256 573 2333 magis
588 2276 605 2318 e
621 2257 736 2335 paruis
752 2264 901 2320 constare
917 2257 1033 2336 figuris

297 2372 396 2442 atque
412 2365 487 2428 ideo
501 2366 644 2430 transire
660 2366 825 2430 foramina
841 2388 924 2445 quae
940 2367 1056 2444 nequit
1072 2368 1159 2446 ignis

297 2480 407 2538 noster
422 2474 476 2538 hic
492 2495 508 2536 e
523 2475 623 2553 lignis
638 2482 731 2538 ortus
746 2476 907 2553 taedaque
924 2484 1062 2539 creatus

712 2583 764 2632 DE
786 2583 940 2632 LVMINE

296 2676 470 2746 praeterea
485 2671 596 2733 lumen
613 2691 672 2747 per
689 2691 824 2733 cornum
841 2671 973 2748 transit,
991 2679 1025 2734 at
1041 2672 1145 2736 imber

296 2779 476 2856 respuitur.
514 2783 637 2856 quarel
653 2779 717 2841 nisi
732 2780 868 2842 luminis
882 2781 940 2844 illa
956 2780 1085 2844 minora

296 2908 435 2966 corpora
449 2896 526 2951 sunt
542 2909 640 2965 quam
655 2890 695 2950 de
710 2889 829 2966 quibus
844 2897 892 2952 cst
907 2890 1015 2967 liquor
1031 2892 1136 2954 almus
1151 2911 1334 2968 aquarum.»

297 3004 328 3060 et
346 2997 499 3075 quamuis
514 2998 624 3061 subito
640 2998 700 3076 per
717 3000 823 3061 colum
841 2999 921 3062 uina
938 3000 1089 3063 uidemus

740 3105 790 3154 DE
813 3104 911 3155 OLEO

296 3192 476 3270 perfluere;
493 3200 527 3255 at
543 3200 657 3256 eontra
672 3195 806 3256 tardum
823 3201 1000 3257 cunctatur
1015 3194 1145 3272 oliuom,

296 3310 354 3365 aut
371 3302 448 3379 quia
464 3302 621 3364 nimirum
636 3303 815 3365 maioribus
832 3310 880 3366 est
896 3304 1063 3366 elementis

296 3420 354 3474 aut
369 3411 475 3489 magis
489 3411 607 3474 amatis
621 3411 708 3474 inter
723 3433 756 3475 sc
772 3433 896 3489 perque
912 3413 1053 3491 plicatis,

296 3528 394 3598 atque
410 3521 485 3582 ideo
498 3521 536 3584 fit
551 3521 602 3584 uti
616 3541 683 3583 non
698 3529 766 3584 tam
781 3521 919 3584 diducta
934 3530 1069 3600 repente

295 3631 383 3694 inter
397 3652 430 3694 se
445 3631 571 3709 possint
586 3630 769 3708 primordia
783 3630 915 3708 singula
929 3652 1077 3708 quaeque

295 3740 426 3817 singula
443 3761 503 3817 per
519 3740 676 3817 cuiusque
694 3740 860 3842 foramina
876 3761 1080 3817 permanare.

632 3856 635 3863 ’
725 3846 775 3895 DE
794 3845 925 3895 MELLE

358 3935 435 3997 Huc
452 3935 577 3997 accedit
594 3934 645 3996 uti
660 3934 766 3996 mellis
782 3934 941 4012 lactisque
958 3935 1102 4012 liquores

295 4043 442 4107 iucundo
459 4064 555 4106 sensu
573 4043 707 4120 linguae
724 4049 912 4107 tractentur
929 4044 964 4105 in
983 4064 1055 4121 ore3

799 4168 856 4268 [θ’]
