3234 4684
655 447 707 497 DE
725 446 858 496 RERVM
876 447 1030 513 NATVRA
1050 447 1083 496 11

338 659 465 737 (fecula
482 660 547 723 iam
565 681 629 738 quo
647 662 686 724 de
704 681 822 739 genere
840 667 888 724 est
905 661 1081 737 inulaeque
1097 660 1261 737 sapores).

417 770 566 847 Denique
581 770 647 833 iam
663 771 785 832 calidos
802 771 888 847 ignis
903 770 1109 847 gelidamque
1125 769 1282 847 pruinam

354 879 505 942 dissimili
521 881 658 943 dentata
671 881 768 942 modo
782 900 992 957 conpungere
1007 899 1121 942 sensus

353 989 509 1067 corporis,
526 989 650 1052 indicio
664 990 757 1051 nobis
772 995 821 1052 est
836 996 945 1051 tactus
961 996 1109 1065 uterque.
1182 1026 1184 1029 .

355 1103 463 1161 tactus
479 1099 575 1175 enim,
591 1105 710 1175 tactus,
727 1119 790 1175 pro
804 1098 918 1161 diuom
932 1098 1069 1160 numina
1084 1104 1208 1174 sancta,
1282 1137 1284 1141 -

353 1208 502 1286 corporis
515 1216 563 1270 est
579 1229 701 1284 sensus
717 1209 769 1271 vel
784 1228 857 1269 cum
873 1227 926 1268 res
940 1214 1052 1269 extera
1066 1226 1133 1268 sese

354 1318 512 1394 insinuat,
528 1319 582 1380 uel
599 1339 673 1380 curn
689 1317 791 1380 laedit
808 1337 891 1393 quae
908 1317 943 1377 in
960 1336 1095 1394 corpore
1112 1322 1223 1378 natast
1314 1350 1316 1353 ·

354 1435 413 1490 aut
429 1428 525 1489 iuuat
542 1428 712 1504 egrediens
729 1426 883 1504 genitalis
900 1447 959 1504 per
976 1425 1116 1487 Veneris
1130 1445 1190 1501 reS,

355 1543 413 1599 aut
430 1559 469 1600 ex
486 1537 612 1599 offensu
629 1558 702 1598 cum
720 1538 858 1598 turbant
876 1555 1011 1612 corpore
1028 1535 1150 1612 inipso

354 1646 478 1709 semina
497 1646 853 1725 confundunt<quc>
877 1645 964 1706 inter
983 1665 1015 1706 se
1035 1645 1162 1707 concita
1180 1664 1328 1720 sensum;
1365 1708 1367 1711 ,

338 1756 393 1831 (ut
409 1756 436 1818 si
451 1755 538 1817 forte
553 1776 655 1817 manu
670 1755 821 1832 quamuis
836 1755 901 1817 iam
917 1753 1063 1831 corporis
1079 1754 1148 1832 ipse

353 1873 425 1928 tutc
443 1865 505 1927 tibi
523 1872 652 1942 partem
671 1864 773 1927 ferias
792 1871 889 1941 atque
909 1863 1110 1941 experiare).

311 1982 558 2052 —quapropter
573 1976 669 2052 longe
685 1974 809 2036 formas
823 1974 948 2036 distare
963 1979 1122 2036 necessest

355 2084 539 2162 principiis,
556 2084 667 2146 uarios
684 2104 766 2160 quae
783 2083 910 2161 possint
927 2083 1021 2145 edere
1038 2102 1160 2144 sensus.

418 2294 567 2371 Denique
585 2315 667 2371 quae
684 2294 777 2357 nobis
794 2295 915 2356 durata
932 2314 969 2356 ac
986 2293 1091 2371 spissa
1106 2292 1275 2369 uidentur,

354 2406 434 2466 haec
449 2403 553 2481 magis
568 2403 686 2466 amatis
702 2404 789 2466 inter
805 2424 871 2466 sese
887 2424 954 2466 esse
969 2410 1128 2465 necessest

355 2521 388 2576 et
404 2513 498 2590 quasi
515 2513 651 2575 ramosis
669 2514 733 2575 alte
751 2520 919 2590 compacta
935 2511 1051 2574 teneri.

541 2621 592 2669 Dll
612 2619 824 2668 ADAMANTE
845 2618 966 2667 FERRO
986 2618 1108 2667 SILICE
1129 2618 1228 2666 AERE

354 2707 391 2768 in
407 2727 471 2784 quo
487 2707 552 2769 iam
568 2727 685 2784 genere
702 2706 737 2766 in
752 2706 868 2783 primis
885 2705 1100 2768 adamantina
1116 2726 1194 2767 saxa

356 2815 464 2893 prima
481 2816 549 2880 acie
566 2822 718 2878 constant
734 2815 821 2878 ictus
836 2822 1042 2878 contemnere
1059 2822 1152 2877 sueta

356 2931 388 2987 et
403 2925 508 2987 ualidi
524 2925 629 2987 silices
645 2946 682 2988 ac
698 2925 775 2987 duri
791 2926 909 2987 robora
924 2924 1007 2986 ferri

356 3055 497 3111 aeraque
515 3055 597 3111 quae
615 3034 768 3097 claustris
786 3034 946 3096 restantia
964 3033 1203 3097 uociferantur.

313 3145 415 3207 —illa
429 3144 561 3221 quidem
577 3145 727 3206 debente
742 3144 870 3205 leuibus
885 3150 983 3220 atque
999 3142 1156 3205 rutundis

356 3275 423 3318 esse
439 3253 553 3331 magis,
571 3253 699 3316 fluuido
715 3274 798 3330 quae
816 3273 951 3330 corpore
968 3252 1095 3329 liquida
1113 3258 1272 3327 constant,

340 3365 498 3440 (namque
517 3363 694 3440 papaueris
711 3364 852 3425 haustus
868 3362 977 3424 itemst
996 3361 1105 3424 facilis
1122 3363 1210 3438 quod
1227 3363 1406 3438 aquarum)

356 3494 415 3535 nec
431 3473 618 3535 retinentur
636 3472 722 3535 enim
738 3472 826 3534 inter
842 3492 875 3533 se
891 3471 1125 3548 glomeramina
1143 3492 1306 3548 quaeque:

356 3590 389 3646 et
404 3583 575 3660 perculsus
591 3581 669 3644 item
686 3581 832 3659 procliue
848 3580 1004 3643 uolubilis
1021 3587 1137 3643 exstat.

357 3693 466 3756 omnia
485 3698 650 3770 postremo
668 3712 750 3767 quae
770 3699 894 3768 puncto
912 3697 1059 3767 tempore
1078 3690 1184 3753 cernis

356 3803 528 3880 diffugere,
546 3808 585 3864 ut
603 3802 733 3863 fumum
750 3802 887 3862 nebulas
904 3801 1124 3876 flammasque,
1143 3805 1311 3875 necessest,

357 3913 384 3975 si
400 3912 509 3974 minus
526 3912 635 3974 omnia
650 3918 728 3973 sunt
745 3933 761 3974 e
778 3911 906 3972 leuibus
923 3917 1021 3986 atque
1037 3910 1203 3986 rutundis,

358 4032 391 4085 at
407 4043 473 4084 non
489 4042 555 4083 esse
571 4030 682 4084 tamen
698 4019 864 4098 perplexis
880 4019 1078 4097 indupedita

357 4153 504 4211 pungere
519 4131 570 4194 uti
586 4131 712 4208 possint
727 4150 846 4207 corpus
862 4136 1099 4207 penetrareque
1115 4150 1204 4205 saxa,

367 4266 418 4315 453
430 4265 496 4323 fort.
512 4277 564 4326 quo
861 4260 917 4310 [54]
