3190 4682
513 443 543 492 T.
564 441 728 493 LVOBETI
747 441 835 492 CARI

138 665 318 736 propterea
334 657 412 735 quia
429 658 535 720 multa
552 657 657 720 modis
674 656 857 735 primordia
874 655 988 718 multis

138 767 243 830 mixta
259 768 443 830 subcelant
459 767 495 828 in
511 786 646 845 corpore
663 786 759 844 saepe
777 765 934 843 parentis,

138 897 222 954 quae
238 876 394 954 patribus
408 884 521 955 patres
536 877 676 939 tradunt
693 897 712 939 a
728 876 832 952 stirpe
848 874 1017 953 profecta3

137 985 214 1049 inde
231 986 347 1048 Venus
362 986 459 1048 uaria
475 984 629 1064 producit
646 991 733 1048 sorte
749 985 873 1063 figuras

136 1095 366 1172 maiorumque
385 1094 489 1158 refert
507 1096 619 1158 uoltus
637 1114 796 1171 uocesque
815 1114 1003 1171 comasque3

137 1204 408 1281 quandoquidem
425 1204 650 1282 nihilomagis
668 1205 746 1266 haec
767 1214 799 1274 <
805 1204 882 1273 de>
906 1203 1027 1265 semine
1045 1209 1135 1265 certo

136 1314 223 1377 fiunt
242 1334 342 1392 quam
360 1314 462 1377 facies
478 1321 511 1378 et
528 1334 666 1391 corpora
683 1314 892 1389 membraque
910 1312 1012 1375 nobis.

97 1429 168 1485 -et
185 1424 348 1486 muliebre
365 1423 472 1486 oritur
489 1423 600 1502 patrio
616 1425 655 1485 de
672 1423 793 1486 semine
810 1423 952 1485 saeclum

136 1540 354 1610 maternoque
370 1553 477 1595 mares
494 1533 640 1597 existunt
657 1552 792 1610 corpore
810 1531 908 1608 creti3

137 1663 269 1720 semper
285 1643 371 1703 enim
388 1650 506 1720 partus
522 1641 649 1719 duplici
666 1642 705 1702 de
723 1641 843 1702 semine
861 1648 998 1717 constat,

138 1758 239 1830 atque
257 1752 327 1815 utri
343 1751 479 1814 similest
495 1751 601 1829 magis
617 1751 651 1813 id
668 1751 895 1828 quodcumque
912 1757 1054 1826 creatur,

137 1861 208 1924 eius
223 1863 326 1924 habet
342 1862 418 1939 plus
434 1868 529 1939 parte
546 1881 667 1937 aequa;
685 1861 772 1938 quod
789 1880 921 1923 cernere
938 1859 1051 1938 possis,

137 1971 207 2034 siue
224 1969 339 2033 uirum
355 1972 483 2033 suboles
499 1970 601 2033 siuest
617 1969 787 2032 muliebris
802 1969 904 2047 origo.

200 2166 271 2227 Nec
288 2165 406 2228 diuina
423 2173 532 2228 satum
550 2165 726 2242 genitalem
744 2164 883 2226 numina
900 2163 1054 2241 cuiquam

138 2276 337 2351 absterrent,
355 2281 451 2351 pater
469 2295 488 2337 a
503 2274 614 2351 gnatis
631 2294 671 2335 ne
689 2273 842 2336 dulcibus
857 2294 1014 2351 umquam

138 2384 330 2461 appelletur
346 2391 379 2447 et
394 2390 433 2446 ut
449 2383 554 2446 sterili
571 2385 698 2447 Venere
716 2383 826 2460 exigat
843 2403 957 2446 aeuom

123 2492 230 2570 (quod
247 2493 441 2570 plerumque
457 2500 579 2571 putant
595 2500 626 2555 et
643 2494 748 2555 multo
763 2492 922 2570 sanguine
939 2491 1055 2555 maesti

139 2610 366 2680 conspergunt
384 2622 459 2664 aras
477 2603 673 2679 adolentque
691 2602 811 2665 altaria
829 2602 934 2678 donis,

138 2719 176 2774 ut
193 2711 354 2789 grauidas
371 2712 513 2774 reddant
529 2732 647 2774 uxores
664 2711 785 2773 semine
801 2712 910 2789 largo)
927 2738 933 2787 ;

98 2821 343 2899 -nequiquam
359 2820 471 2883 diuom
489 2841 610 2884 numen
627 2821 789 2899 sortisque
806 2821 962 2899 fatigant.

98 2951 217 2993 -aam
234 2929 363 2992 steriles
379 2930 518 2992 nimium
535 2951 642 2993 crasso
659 2937 737 2992 sunt
753 2930 874 2993 semine
892 2930 1016 3008 partim

79 3036 85 3047 ’
139 3047 172 3103 et
187 3039 318 3117 liquido
333 3046 465 3118 praeter
480 3039 603 3102 iustum
619 3040 777 3117 tenuique
792 3039 946 3102 uicissim.

139 3155 241 3212 tenue
258 3148 337 3210 locis
353 3148 513 3226 quianon
530 3149 618 3226 potis
633 3156 681 3212 est
699 3149 842 3226 adfigere
859 3148 1046 3225 adhaesum,

139 3258 284 3336 liquitur
302 3259 466 3335 extemplo
480 3266 512 3321 et
530 3265 720 3321 reuocatum
738 3259 824 3321 cedit
841 3260 881 3321 ab
898 3265 983 3320 ortu.

140 3367 286 3431 crassius
300 3367 377 3430 hinc
392 3388 491 3445 porro
508 3368 662 3444 quoniam
679 3368 862 3430 concretius
879 3387 983 3444 aequo

140 3477 299 3552 mittitur,
317 3483 375 3539 aut
391 3496 458 3539 non
474 3484 542 3539 tam
559 3477 689 3554 prolixo
704 3479 856 3554 prouolat
874 3477 942 3539 ictu

141 3593 200 3649 aut
218 3592 393 3664 penetrare
410 3587 496 3649 locos
514 3606 615 3663 aeque
633 3586 747 3663 nequit
766 3594 825 3649 aut
842 3592 1052 3663 penetratum

141 3716 238 3773 aegre
258 3695 458 3758 admiscetur
475 3695 628 3758 muliebri
646 3695 766 3758 semine
785 3716 902 3759 semen.

126 3803 219 3878 (nam
236 3805 379 3867 multum
395 3804 585 3867 harmoniae
603 3805 741 3866 Veneris
758 3805 892 3867 differre
909 3804 1077 3878 uidentur,

136 3935 203 3984 1222
214 3935 287 3997 aula.
303 3936 339 3985 ab

137 4004 203 4053 1243
214 4004 287 4064 culp.
303 4004 403 4054 abortu

137 4071 204 4120 1244
213 4072 287 4133 vulp.
302 4070 345 4121 his
