3190 4682
639 441 690 490 DE
708 441 841 491 RERVM
858 441 1012 492 NATVEA
1032 442 1076 491 IV

346 660 378 716 ct
395 654 602 733 dispargitur
617 658 660 719 ad
675 657 782 734 partis
797 657 845 720 ita
861 678 1006 735 quasque
1021 658 1167 721 minutas

346 764 502 842 corporis.
539 764 592 827 1116
609 764 713 843 igitur
729 768 827 829 rebus
842 766 880 830 fit
896 760 1064 844 utriinque
1080 769 1219 844 duabus

347 893 467 950 corpus
481 881 520 936 ut
536 895 573 938 ac
588 874 686 938 nauis
700 876 784 938 uelis
799 883 964 953 uentoque
981 876 1121 939 feratur.
1202 913 1208 925 ι

303 1002 405 1045 —oec
421 989 532 1046 tamen
546 983 630 1047 illud
645 985 680 1046 in
694 985 745 1047 his
760 987 859 1048 rebus
872 985 1022 1048 mirabile
1037 993 1175 1063 constat,

346 1093 480 1156 tantula
495 1094 583 1170 quod
597 1101 730 1157 tantum
746 1115 866 1172 corpus
881 1096 1077 1172 corpuscula
1092 1101 1230 1173 possunt

346 1210 561 1280 contorquere
579 1210 611 1266 et
628 1223 710 1266 onus
726 1210 834 1266 totum
850 1212 1041 1268 conuertere
1057 1211 1216 1267 nostrum.

346 1312 470 1390 quippe
486 1313 606 1376 etenim
622 1320 742 1376 uentus
758 1313 875 1391 suptili
892 1299 1028 1391 corpore
1043 1314 1154 1377 tenuis
1179 1328 1181 1331 ’

345 1422 454 1485 trudit
471 1442 571 1500 agens
587 1443 739 1500 magnam
755 1443 875 1500 magno
890 1423 1055 1486 molimine
1072 1444 1192 1486 nauem

346 1538 378 1594 et
394 1552 511 1595 manus
526 1553 595 1595 una
610 1532 695 1610 regit
711 1533 889 1610 quantouis
904 1532 1025 1611 impete
1040 1540 1173 1596 euntem

346 1647 444 1718 atque
463 1643 699 1719 gubernaclum
717 1648 911 1719 contorquet
929 1642 1074 1719 quolibet
1092 1660 1207 1719 unum,

345 1751 524 1828 multaque,
541 1772 601 1829 per
617 1753 755 1814 trocleas
773 1757 805 1814 61
821 1757 991 1829 tympana,
1010 1752 1155 1830 pondere
1171 1771 1290 1829 magno
1436 1737 1477 1788 905

345 1867 526 1923 commouet
543 1867 642 1938 atque
660 1861 727 1923 leui
744 1861 887 1924 sustollit
905 1860 1057 1924 machina
1073 1862 1158 1924 nisu.

554 2135 604 2185 DE
625 2135 756 2186 8οΜΝο
778 2136 1085 2201 QVEMADMODVM
1105 2129 1195 2186 FIAT

407 2222 504 2286 Nunc
520 2224 638 2301 quibus
653 2224 708 2287 1116
723 2225 828 2286 modis
843 2244 975 2288 somnus
990 2246 1049 2303 per
1064 2227 1210 2288 membra
1225 2225 1362 2303 quietem

345 2332 467 2410 inriget
485 2340 583 2410 atque
599 2334 701 2396 animi
717 2355 813 2397 curas
830 2354 846 2395 6
864 2341 994 2412 pectore
1011 2336 1128 2412 soluat,

345 2443 525 2505 suauidicis
543 2443 654 2521 potius
671 2464 770 2520 quam
787 2443 901 2506 multis
918 2444 1070 2507 uersibus
1087 2445 1199 2521 edam3

346 2572 471 2629 paruus
487 2560 525 2615 ut
542 2560 589 2614 est
606 2552 704 2636 cygni
720 2553 834 2615 melior
851 2573 959 2628 canor,
976 2553 1032 2614 ille
1048 2574 1169 2631 gruum
1185 2574 1283 2631 quam

345 2663 467 2724 clamor
484 2662 520 2723 in
539 2662 693 2725 aetheriis
711 2662 879 2740 dispersus
896 2663 1039 2725 nubibus
1058 2663 1173 2726 austri.

346 2775 383 2833 tu
399 2771 480 2832 mihi
497 2773 540 2834 da
556 2772 665 2834 tenuis
681 2772 773 2835 auris
788 2772 998 2848 animumque
1014 2792 1172 2850 sagacem,

344 2901 385 2942 ne
400 2880 472 2943 fieri
487 2881 614 2959 negites
630 2902 713 2958 quae
728 2882 835 2944 dicam
851 2902 943 2959 posse
959 2888 1112 2959 retroque

344 3010 425 3053 uera
443 2990 628 3069 repulsanti
646 2991 795 3053 discedas
812 2998 943 3069 pectore
961 2991 1060 3067 dicta,

327 3100 478 3163 ‘tutimet
495 3100 530 3161 in
547 3101 645 3178 culpa
662 3121 735 3163 cum
752 3100 796 3162 sis
812 3120 917 3177 neque
934 3120 1066 3163 cernere
1083 3100 1196 3178 possis.

345 3209 516 3287 Principio
533 3230 665 3272 somnus
681 3209 720 3271 fit
737 3209 794 3271 ubi
813 3218 861 3272 est
880 3209 1039 3272 distracta
1056 3230 1116 3288 per
1134 3216 1227 3272 artus

345 3319 397 3382 uis
413 3319 541 3382 animae
557 3319 745 3397 partimque
762 3319 853 3381 foras
870 3319 971 3382 eiecta
988 3319 1119 3381 recessit

344 3437 377 3491 61
392 3428 515 3506 partim
530 3435 686 3491 contrusa
699 3427 803 3506 magis
818 3427 975 3490 concessit
989 3428 1025 3489 in
1040 3429 1161 3504 altum;

345 3539 574 3601 dissoluuntur
591 3537 677 3601 enim
693 3545 765 3600 tum
782 3538 913 3600 demum
928 3539 1074 3600 membra
1091 3538 1274 3615 fluuntque.

345 3669 421 3711 aam
436 3648 575 3711 dubium
591 3667 657 3709 non
674 3654 731 3724 661,
749 3647 871 3710 animai
888 3646 968 3723 quin
984 3667 1084 3724 opera
1097 3646 1142 3708 sit

345 3778 458 3821 sensus
473 3758 526 3820 hic
543 3758 577 3818 in
594 3757 697 3833 nobis,
714 3777 810 3833 quem
827 3777 901 3818 cum
917 3775 1014 3833 sopor
1030 3755 1159 3833 inpedit
1176 3776 1253 3834 6666,

344 3876 415 3931 111111
431 3867 525 3929 nobis
540 3866 683 3930 animam
699 3867 928 3944 perturbatam
944 3884 1011 3927 esse
1027 3866 1246 3942 putandumst

246 3978 247 3983 Ἰ
355 4001 406 4049 896
417 4000 484 4060 fort.
500 3998 538 4049 616

355 4069 405 4118 897
416 4066 537 4132 corporis
551 4070 583 4117 ut
597 4080 629 4116 ao
662 4066 729 4128 fort.
745 4064 849 4115 scilicet
863 4068 895 4114 ut
909 4064 989 4114 nauis

839 4217 912 4268 [150]
