3234 4684
592 423 622 472 Τ.
641 423 804 474 Lucam
821 423 911 474 onst

218 637 373 714 motibus,
389 638 478 700 unde
493 638 574 701 haec
590 644 638 701 est
655 637 749 701 nobis
764 637 882 701 innata
897 644 1052 716 potestas,

220 748 262 811 de
277 747 381 811 nihilo
398 748 553 825 quoniam
569 747 642 812 fieri
658 748 707 810 nil
722 768 816 826 posse
833 748 993 812 uidemus.

219 858 351 935 pondus
368 857 455 922 enirn
470 858 622 936 prohibet
639 878 679 919 ne
696 858 805 936 plagis
820 858 929 921 omnia
944 857 1027 921 fiant

221 974 357 1030 externa
373 967 468 1045 quasi
483 967 537 1044 ui;
554 968 611 1031 sed
626 988 667 1031 ne
683 987 736 1031 res
751 966 825 1045 ipsa
840 987 1008 1030 necessum

220 1076 416 1140 intestinum
431 1077 550 1140 habeat
567 1077 694 1140 cunctis
709 1076 746 1138 in
761 1078 859 1140 rebus
876 1076 1013 1155 agendis

220 1193 253 1250 et
270 1186 401 1251 deuicta
418 1186 512 1264 quasi
528 1193 664 1265 cogatur
681 1186 770 1249 ferre
786 1186 933 1264 patique,

220 1296 257 1358 id
273 1296 355 1360 facit
372 1297 527 1375 exiguum
543 1296 705 1360 clinamen
722 1296 964 1374 principiorum

219 1426 281 1470 nec
295 1406 427 1484 regione
441 1406 504 1469 loci
518 1413 609 1470 certa
623 1426 682 1469 nec
696 1413 843 1484 tempore
859 1412 957 1469 certo.

284 1600 351 1663 Nec
367 1599 491 1678 stipata
508 1599 613 1678 magis
628 1600 696 1663 fuit
712 1620 870 1677 umquam
886 1599 1037 1664 materiai

219 1709 317 1788 copia
332 1729 392 1773 nec
407 1729 509 1788 porro
523 1709 702 1773 maioribus
719 1709 922 1786 interuallis;

200 1818 300 1895 (nam
315 1838 420 1896 neque
439 1818 629 1896 adaugescit
647 1818 823 1896 quicquam
840 1839 945 1896 neque
962 1818 1092 1897 deperit
1109 1819 1218 1896 inde).

219 1935 425 2006 quapropter
441 1948 507 2005 quo
521 1948 610 1991 nunc
626 1927 661 1990 in
676 1935 769 1991 motu
783 1928 1026 2006 principiorum

218 2057 359 2115 corpora
374 2044 462 2114 sunt,
477 2037 513 2099 in
528 2038 639 2101 eodem
656 2044 732 2100 ante
748 2018 822 2101 acta
837 2044 943 2101 aetate
960 2037 1054 2102 fuere

218 2153 253 2210 et
270 2148 406 2224 posthac
423 2167 551 2225 semper
568 2147 668 2210 simili
684 2147 813 2211 ratione
830 2146 992 2224 ferentur,

218 2262 253 2318 et
268 2277 350 2334 quae
365 2257 554 2321 consuerint
568 2256 660 2335 gigni
675 2257 855 2336 gignentur
870 2258 982 2320 eadem

219 2367 411 2430 condicione
427 2373 459 2430 et
476 2374 574 2430 erunt
591 2374 623 2430 et
639 2374 785 2430 crescent
801 2367 902 2444 uique
918 2368 1088 2443 ualebunt,

147 2502 153 2517 r
219 2482 383 2554 quantum
400 2476 517 2554 cuique
534 2477 650 2539 datum
666 2483 716 2540 est
732 2496 791 2554 per
809 2475 943 2540 foedera
959 2475 1103 2540 naturai.

218 2605 280 2649 nec
296 2607 407 2649 rerum
423 2606 583 2649 summam
599 2591 800 2649 commutare
815 2586 885 2650 ulla
901 2592 1009 2664 potest
1025 2584 1078 2649 uis
1087 2612 1095 2663 ;

218 2716 298 2769 nam
313 2715 418 2773 neque
433 2716 499 2773 quo
514 2695 618 2774 possit
634 2716 737 2774 genus
752 2696 859 2759 ullum
874 2695 1026 2759 materiai

219 2805 365 2883 effugere
380 2827 420 2869 ex
435 2805 532 2882 omni,
549 2805 725 2883 quicquam
740 2812 788 2869 est
809 2811 991 2882 <extra>,
1007 2825 1112 2882 neque
1128 2804 1163 2867 in
1179 2825 1273 2870 omne
1325 2803 1377 2853 305

218 2916 309 2978 unde
327 2921 437 2978 coorta
455 2922 553 2992 queat
570 2935 657 2978 noua
674 2913 727 2977 uis
744 2914 934 2992 inrumpere
951 2920 983 2977 et
1002 2934 1128 2977 omnem

217 3032 377 3088 naturam
393 3046 504 3088 rerum
520 3030 650 3088 mutare
668 3031 700 3088 et
717 3031 847 3088 uertere
865 3030 982 3087 motus.

160 3368 162 3372 μ
283 3286 374 3349 Illud
391 3285 426 3347 in
441 3286 493 3348 his
509 3287 606 3349 rebus
621 3305 688 3348 non
704 3292 752 3349 est
768 3285 928 3361 mirabile,
946 3305 1057 3362 quare,

218 3395 329 3459 omnia
346 3415 547 3458 cumrerum
562 3395 745 3473 primordia
761 3394 828 3457 sint
844 3394 879 3456 in
895 3401 997 3470 motu,

217 3526 347 3569 summa
364 3511 475 3568 tamen
491 3524 618 3568 summa
635 3503 791 3567 uideatur
809 3510 897 3567 stare
915 3504 1032 3581 quiete,

218 3623 454 3695 praeterquam
469 3613 579 3691 siquid
596 3613 733 3691 proprio
750 3613 807 3676 dat
824 3633 959 3691 corpore
976 3620 1093 3676 motus.

220 3724 336 3790 Omnis
352 3723 438 3788 enirn
453 3724 549 3801 longe
564 3722 686 3785 nostris
701 3719 742 3786 ab
757 3721 905 3785 sensibus
920 3721 1012 3785 infra

218 3835 403 3915 primorum
421 3839 543 3896 natura
560 3832 661 3908 iacet3
679 3837 892 3910 quapropter,
909 3830 968 3893 ubi
985 3830 1094 3909 ipsum

219 3965 354 4009 cernere
370 3943 436 4006 iam
452 3961 605 4019 nequeas,
621 3947 731 4004 motus
746 3960 874 4018 quoque
891 3959 1028 4016 surpere
1045 3940 1181 4003 debent:

229 4068 280 4119 289
291 4067 363 4128 vulp.
380 4080 459 4116 mens

230 4137 281 4186 299
290 4136 361 4186 haec

229 4204 281 4254 313
291 4203 365 4264 outa.
379 4202 440 4267 ipsa
725 4198 783 4252 [49]
