3190 4682
517 402 548 451 Τ.
568 402 731 453 LVCBETI
751 402 840 453 CARI

375 613 521 664 PLVRES
543 613 735 663 IMAGINES
758 613 831 663 CVR
854 613 972 663 FIANT

86 703 181 780 -fit
202 723 333 781 quoque
349 704 389 764 de
406 703 539 780 speculo
554 702 589 764 in
605 703 775 780 speculum
790 710 829 764 ut
844 703 1000 765 tradatur
1016 701 1133 779 imago,

131 813 299 890 quinque,
317 813 416 875 etiam
431 833 487 875 sex
502 819 541 875 ut
557 812 629 873 fieri
646 812 822 875 simulacra
838 812 975 874 suerint.

131 943 219 985 ream
237 942 461 999 quaecumque
478 930 568 985 retro
583 927 679 1000 parte
696 921 852 984 interiore
868 922 1029 998 latebunt,

131 1032 219 1093 inde
234 1038 355 1108 tamen,
371 1032 523 1109 quamuis
537 1038 623 1094 torte
639 1032 835 1109 penitusque
851 1039 986 1108 remota,

131 1141 255 1203 omnia
269 1161 329 1218 per
343 1141 442 1204 flexos
458 1141 568 1203 aditus
584 1142 704 1204 educta
717 1141 828 1203 licebit

131 1250 298 1328 pluribus
313 1251 392 1312 haec
408 1250 549 1328 speculis
563 1240 743 1313 uideantur
759 1250 794 1311 in
810 1251 946 1313 aedibus
961 1270 1037 1313 esse.

130 1379 247 1437 usque
266 1361 347 1422 adeo
368 1370 458 1431 <e>
480 1361 613 1438 speculo
629 1361 664 1421 in
682 1361 851 1438 speculum
868 1361 1050 1423 translucet
1067 1359 1183 1438 imago,

131 1478 167 1533 et
188 1490 268 1532 cum
283 1470 379 1532 laeua
395 1471 474 1532 data
491 1476 548 1547 est,
565 1469 603 1532 fit
619 1490 734 1532 rusum
749 1477 788 1532 ut
805 1470 940 1533 dextera
955 1470 1023 1545 fiat,

132 1581 221 1643 inde
241 1586 331 1642 retro
347 1600 481 1642 rursum
499 1580 587 1642 redit
606 1586 637 1643 et
656 1580 821 1642 conuertit
840 1580 960 1643 eodem.

85 1688 225 1766 —quin
242 1687 341 1750 etiam
357 1708 581 1765 quaecumque
597 1689 760 1751 latuscula
776 1695 854 1751 sunt
870 1689 1078 1766 speculorum

131 1797 288 1861 adsimili
306 1797 421 1860 lateris
438 1797 565 1860 flexura
584 1798 737 1875 praedita
755 1798 870 1874 nostri,

132 1908 282 1971 dextera
298 1914 474 1984 eapropter
491 1907 584 1969 nobis
601 1907 777 1970 simulacra
794 1908 980 1983 remittunt,

132 2024 200 2080 aut
217 2015 299 2092 quia
313 2017 352 2077 de
368 2017 502 2093 speculo
516 2017 551 2077 in
566 2018 735 2094 speculum
750 2016 955 2079 transfertur
971 2016 1088 2095 imago,

132 2127 221 2188 inde
238 2126 281 2187 ad
295 2145 353 2187 nos
368 2126 447 2188 elisa
461 2127 511 2188 bis
527 2127 671 2203 aduolat,
688 2134 745 2191 aut
761 2127 860 2190 etiam
875 2128 963 2203 quod

132 2236 269 2298 circum
284 2234 405 2312 agitur,
421 2256 495 2297 cum
508 2236 611 2312 uenit,
626 2236 734 2314 imago
749 2243 925 2314 propterea
939 2238 1027 2314 quod

133 2345 230 2406 flexa
246 2342 355 2421 figura
369 2345 464 2407 docet
481 2330 606 2422 speculi
622 2345 808 2408 conuertier
824 2347 867 2408 ad
882 2366 950 2408 noe.

207 2537 393 2614 Indugredi
414 2558 514 2616 porro
534 2539 660 2617 pariter
681 2539 857 2602 simulacra
877 2540 1057 2617 pedemque

134 2667 267 2726 ponere
285 2647 454 2709 nobiscum
472 2649 587 2710 credas
603 2655 795 2725 gestumque
813 2648 938 2711 imitari

134 2762 324 2835 propterea
341 2756 428 2833 quia,
448 2757 487 2819 de
505 2757 630 2834 speculi
647 2778 714 2834 qua
730 2764 825 2835 parte
843 2759 984 2835 recedas,

134 2864 304 2929 continuo
317 2873 481 2942 nequeant
497 2866 589 2928 illinc
603 2867 779 2929 simulacra
793 2867 926 2929 reuerti.

88 2973 257 3039 -omnia
273 2975 539 3051 quandoquidem
556 2976 642 3053 cogit
659 2983 783 3038 natura
798 2975 919 3037 referri

135 3105 178 3147 ac
197 3082 326 3146 resilire
342 3084 382 3145 ab
398 3085 495 3147 rebus
512 3085 554 3147 ud
571 3105 690 3161 aequos
706 3085 838 3148 reddita
854 3085 966 3148 flexus.

208 3351 393 3427 Splendida
413 3372 514 3429 porro
533 3353 619 3415 oculi
640 3353 790 3430 fugitant
811 3353 986 3430 uitantque
1007 3352 1104 3415 tueri.

136 3461 191 3524 sol
207 3459 307 3522 etiam
322 3467 441 3536 caecat,
457 3467 574 3523 contra
587 3460 615 3522 si
629 3462 764 3524 tendere
779 3481 906 3539 pergas,

138 3576 324 3648 propterea
339 3569 417 3646 quia
432 3569 484 3632 uis
499 3578 650 3647 magnast
666 3570 771 3648 ipsius
786 3577 818 3631 et
835 3571 900 3633 alte

138 3698 223 3742 aera
238 3698 298 3755 per
313 3698 435 3755 purum
450 3679 599 3756 grauiter
614 3679 790 3742 simulacra
806 3680 964 3743 feruntur

138 3795 175 3850 et
193 3786 322 3849 feriunt
340 3788 449 3850 oculos
464 3788 637 3850 turbantia
653 3788 899 3866 composituros.

152 3918 290 3978 32'Ivulp.
311 3921 427 3976 <aut>
448 3934 497 3968 sex

153 3986 206 4036 332
217 3987 289 4036 adeo
305 3987 419 4049 speculo

152 4056 206 4104 345
215 4054 290 4114 vulp.
307 4057 452 4118 nequeunt
