3190 4682
506 447 536 496 Τ.
557 447 720 498 Lveaurl
740 448 828 499 carl

133 677 171 719 ex
186 658 319 720 homine
334 660 516 723 humanum
532 681 641 724 semen
658 662 721 725 ciet
736 683 805 726 una
820 662 961 726 hominis
976 662 1055 740 uis.)

79 808 82 817 ,
133 768 221 845 quod
237 767 336 831 simul
352 776 450 847 atque
466 770 534 833 suis
550 770 689 834 eiectum
704 772 836 835 sedibus
851 772 927 848 exit,

133 895 192 954 per
209 879 357 941 membra
372 886 470 956 atque
487 887 580 943 artus
597 881 725 943 decedit
742 901 877 958 corpore
892 888 965 944 toto

133 985 167 1046 in
184 986 256 1049 loca
271 987 470 1051 conueniens
486 1009 665 1052 neruorum
682 997 772 1053 certa
789 990 916 1068 cietque

132 1095 291 1158 contiuuo
308 1096 415 1174 partis
432 1097 586 1175 genitalis
604 1099 750 1178 corporis
769 1100 867 1178 ipsas.

133 1203 274 1268 inritata
288 1211 418 1270 tument
434 1208 505 1271 loca
520 1208 642 1272 semine
657 1208 759 1286 fitque
775 1209 931 1272 uoluntas

133 1314 236 1378 eicere
253 1314 288 1376 id
305 1335 371 1393 quo
384 1335 417 1378 se
434 1318 603 1381 contendit
620 1318 693 1380 dira
709 1317 832 1394 lubido,

119 1422 251 1500 [incitat
267 1424 411 1489 inritans
426 1426 497 1489 loca
511 1426 648 1505 turgida
664 1427 785 1490 semine
801 1428 920 1505 multo]

132 1533 232 1610 idque
247 1534 332 1612 petit
347 1555 475 1614 corpus,
490 1557 581 1599 mens
596 1538 684 1600 unde
700 1544 747 1600 cst
763 1537 873 1612 saucia
889 1557 1007 1601 amore.

132 1663 274 1720 aamque
292 1664 401 1707 omnes
420 1646 612 1723 plerumque
630 1647 755 1709 cadunt
772 1647 807 1708 in
824 1648 945 1710 uolnus
961 1655 993 1711 et
1011 1647 1102 1710 illam

132 1753 249 1816 emicat
265 1753 301 1815 in
317 1761 446 1831 partem
462 1755 596 1833 sanguis
612 1756 701 1819 unde
717 1755 835 1818 icimur
852 1756 930 1833 ictu,

133 1868 165 1924 et
181 1861 210 1925 si
228 1863 408 1926 comminus
425 1872 481 1940 est,
500 1865 625 1927 hostem
643 1867 743 1927 ruber
761 1873 899 1943 occupat
918 1887 1021 1930 umor.

91 1972 177 2034 —sic
194 1972 299 2050 igitur
314 1973 453 2036 Veneris
470 1974 527 2051 qui
542 1973 618 2037 telis
633 1975 754 2052 accipit
771 1975 865 2051 ictus,

133 2081 201 2144 siue
218 2102 302 2159 puer
318 2083 471 2146 membris
487 2084 702 2147 muliebribus
719 2086 807 2147 hune
824 2085 990 2149 iaculatur

133 2210 189 2253 seu
204 2191 324 2255 mulier
339 2199 409 2255 toto
424 2192 551 2255 iactans
566 2214 582 2255 c
599 2213 734 2271 corpore
751 2215 903 2272 amorem,

133 2301 220 2362 unde
238 2301 370 2377 feritur,
388 2322 427 2365 eo
440 2303 548 2366 tendit
565 2304 727 2382 gestitque
744 2304 829 2367 coire

134 2417 165 2472 et
179 2409 284 2474 iacere
299 2431 445 2474 umorem
460 2412 495 2473 in
510 2433 629 2490 corpus
643 2414 684 2476 de
699 2433 834 2491 corpore
849 2415 1004 2492 ductum;

133 2539 273 2597 namque
291 2522 497 2598 uoluptatem
516 2523 684 2601 praesagit
701 2530 793 2586 muta
812 2524 942 2602 cupido.

195 2715 286 2778 Haec
301 2717 414 2778 Venus
430 2724 478 2779 cst
493 2717 603 2793 nobis;
618 2718 696 2780 hine
712 2724 854 2781 autemst
869 2739 987 2782 nomen
1004 2719 1132 2795 amoris

133 2823 209 2887 hinc
226 2824 320 2887 illaec
338 2825 482 2902 primum
499 2827 639 2889 Veneris
655 2828 840 2890 dulcedinis
858 2828 893 2890 in
911 2849 966 2891 cor

133 2933 274 2997 stillauit
291 2942 386 3012 gutta
402 2943 434 2998 et
451 2936 605 2998 successit
621 2936 748 3014 frigida
764 2957 853 3000 eura.

118 3042 254 3117 (namsi
272 3045 362 3106 abest
379 3046 467 3122 quod
483 3066 570 3121 aues,
588 3053 720 3123 praesto
736 3046 912 3110 simulacra
929 3054 1039 3110 tamen
1056 3053 1133 3109 sunt

133 3151 223 3215 illius
238 3159 270 3216 et
285 3173 402 3217 nomen
419 3152 513 3218 dulce
529 3156 724 3218 obuersatur
739 3156 782 3219 ad
798 3156 914 3232 auris.)

92 3263 189 3324 -sed
206 3261 353 3340 fugitare
370 3264 462 3326 decet
478 3264 653 3327 simulacra
670 3273 701 3327 et
719 3266 841 3342 pabula
859 3265 978 3328 amoris

133 3373 315 3435 absterrere
331 3372 394 3434 sibi
411 3379 509 3449 atque
526 3374 590 3436 alio
607 3382 802 3437 conuortere
817 3382 957 3437 mentem

132 3486 164 3544 et
180 3480 285 3544 iacere
300 3501 447 3544 umorem
462 3483 644 3545 conlectum
660 3483 694 3544 in
711 3504 849 3561 corpora
864 3503 1011 3561 quaeque

132 3611 191 3654 nec
208 3591 360 3667 retinere,
379 3592 477 3654 semel
495 3612 689 3654 conuersum
707 3592 806 3655 unius
825 3613 942 3669 amore,

133 3707 165 3762 et
179 3719 312 3763 seruare
327 3700 390 3763 sibi
404 3721 518 3763 curam
533 3708 722 3779 certumque
737 3703 891 3765 dolorem.

133 3810 225 3872 ulcus
242 3809 329 3874 enim
347 3809 488 3873 uiuescit
506 3817 538 3873 et
556 3810 767 3873 inueteraseit
785 3812 903 3874 alendo

129 3939 193 3989 1057
204 3940 271 4003 fort.
286 3939 343 3990 cita

129 4008 192 4057 1058
203 4009 275 4070 cula.
288 4023 395 4057 momen

130 4075 192 4126 1061
203 4091 277 4126 ames
