3234 4684
533 461 563 509 Y.
582 460 744 510 Lucum
762 461 851 511 CARI

153 693 220 736 aec
237 674 418 752 persectari
434 674 617 753 primordia
633 675 766 752 singula
781 695 937 752 quaeque,

157 790 199 846 ut
222 783 439 856 <ui>deant
457 805 523 862 qua
540 785 679 862 quicque
698 792 834 863 geratur
851 805 926 848 cum
942 785 1080 847 ratione.

224 894 272 956 At
288 893 423 971 quidam
438 900 555 958 contra
568 895 648 957 haee
662 893 773 973 ignari
788 894 940 957 materiai

157 1009 318 1066 naturam
337 1023 404 1066 non
424 1024 517 1082 posse
538 1006 636 1067 deum
654 1004 724 1068 sine
744 1004 880 1068 numine
900 1005 1047 1068 reddunt

158 1119 259 1176 tanto
274 1133 370 1191 opere
386 1113 540 1176 humanis
555 1113 739 1177 rationibus
756 1114 958 1177 atmoderate

158 1229 312 1300 tempora
329 1230 458 1286 mutare
477 1243 640 1286 annorum
657 1224 836 1301 frugesque
854 1243 975 1300 creare,

160 1340 195 1394 et
211 1332 277 1395 iam
293 1340 410 1409 cetera,
427 1333 576 1396 mortalis
591 1353 674 1410 quae
691 1333 808 1396 suadet
825 1333 917 1395 adire

159 1442 300 1520 ipsaque
315 1442 449 1505 deducit
464 1443 532 1505 dux
546 1442 637 1506 uitae
652 1441 709 1506 dia
722 1443 878 1520 uoluptas

160 1557 195 1613 et
212 1572 265 1614 res
280 1572 339 1629 per
354 1552 495 1614 Veneris
509 1552 682 1615 blanditur
697 1552 803 1615 saecla
820 1559 1015 1631 propagent,
1117 1540 1120 1549 ’

159 1682 204 1724 ne
221 1681 324 1739 genus
341 1661 468 1724 occidat
484 1663 674 1724 humanum.
713 1681 854 1739 quorum
871 1662 980 1725 omnia
996 1682 1095 1725 causa

161 1770 370 1834 constituisse
387 1772 463 1833 deos
478 1792 553 1834 cum
567 1771 708 1848 fingunt,
725 1770 872 1834 omnibu’
888 1772 986 1834 rebus

160 1901 284 1957 magno
298 1900 395 1958 opere
411 1902 430 1944 a
445 1902 526 1944 uera
540 1881 626 1958 lapsi
641 1880 770 1944 ratione
785 1880 954 1944 uidenturr

143 1991 242 2066 (nam
257 1990 410 2067 quamuis
424 2011 536 2053 rerum
551 1990 699 2069 ignorem
715 1990 899 2067 primordia
914 2010 997 2068 quae
1012 1990 1089 2067 sint,

160 2101 224 2162 hoc
237 2107 348 2163 tamen
363 2122 402 2164 ex
417 2099 497 2177 ipsis
512 2100 594 2163 caeli
608 2100 793 2163 rationibus
807 2100 913 2163 ausim

162 2209 357 2272 confirmare
373 2210 510 2287 aliisque
526 2231 566 2273 ex
580 2211 678 2272 rebus
693 2210 830 2272 reddere
845 2209 968 2286 multis,

160 2339 371 2397 nequaquam
385 2319 480 2381 nobis
494 2319 657 2382 diuinitus
672 2340 739 2383 esse
754 2325 898 2383 creatam

161 2436 320 2492 naturam
342 2429 475 2492 mundi:
500 2450 599 2506 quam
626 2437 853 2507 <magnast>
879 2428 1033 2507 praedita
1056 2429 1170 2506 culpa!

114 2557 248 2615 —quae
264 2537 327 2600 tibi
344 2538 517 2615 posterius,
534 2537 677 2614 Memmi,
695 2537 856 2600 faciemus
871 2544 996 2615 aperta.

161 2668 262 2723 nunc,
279 2647 313 2709 id
330 2649 418 2725 quod
434 2655 593 2725 superest,
608 2649 649 2709 de
665 2647 808 2709 motibus
823 2647 1059 2725 expediemus.)

173 2837 286 2887 NIHIL
305 2837 453 2888 SVRSVM
470 2838 586 2887 FERRI
602 2837 921 2888 CORPVSCVLORVM
939 2838 1008 2888 SED
1027 2837 1168 2888 PRESSA
1186 2839 1211 2886 A

378 2921 583 2973 RADIOIBVS
606 2921 813 2972 EXVRGERE
839 2921 1012 2972 CORPORA

227 3011 325 3074 Nunc
339 3011 430 3073 locus
446 3017 503 3088 est,
518 3019 558 3074 ut
574 3011 700 3089 opinor,
716 3011 751 3072 in
766 3011 818 3073 his
833 3011 918 3074 illud
933 3031 1062 3089 quoque
1078 3012 1176 3075 rebus

163 3120 356 3184 confirmare
374 3121 445 3197 tibi,
464 3120 590 3183 nullam
608 3141 678 3182 rem
696 3141 788 3198 posse
806 3142 866 3184 sua
883 3120 919 3183 ui

163 3250 354 3308 corpoream
369 3250 500 3292 sursum
516 3230 600 3293 ferri
616 3250 810 3307 sursumque
825 3250 951 3306 meare;

163 3360 204 3402 ne
219 3339 282 3401 tibi
297 3340 377 3402 dent
392 3340 428 3400 in
444 3360 482 3402 eo
496 3340 703 3402 flammarum
720 3359 857 3415 corpora
874 3339 1037 3401 fraudem.

164 3468 278 3512 sursus
293 3449 380 3513 enim
395 3470 512 3512 uersus
527 3449 713 3527 gignuntur
729 3456 761 3512 et
778 3448 935 3526 augmina
950 3454 1085 3511 sumunt

165 3565 197 3622 et
213 3579 344 3622 sursum
360 3559 485 3622 nitidae
503 3558 618 3637 fruges
634 3560 833 3635 arbustaque
850 3563 1010 3633 creseunt,

165 3669 322 3746 pondera,
335 3676 498 3746 quantum
512 3668 548 3729 in
561 3688 594 3732 se
609 3674 666 3745 est,
682 3689 756 3731 oum
770 3669 921 3730 deorsum
936 3661 1055 3730 cuncta
1069 3667 1233 3741 ferantur,
1269 3662 1318 3713 190
1369 3750 1372 3757 Ι

165 3798 223 3840 nec
239 3799 314 3840 cum
329 3777 507 3842 subsiliunt
523 3778 615 3855 ignes
631 3778 674 3840 ad
688 3770 775 3840 tecta
790 3778 969 3839 domorum

167 3894 198 3950 et
215 3887 312 3951 celeri
329 3888 461 3951 flamma
478 3887 656 3964 degustant
672 3886 767 3965 tigna
783 3886 967 3962 trabesque,

178 4021 226 4069 168
237 4018 315 4069 reddi

178 4087 226 4137 181
236 4087 309 4149 vulp.
323 4091 403 4138 tanta
418 4089 476 4138 stat
