3234 4686
530 436 561 485 T.
581 434 744 487 Lvouarl
764 433 853 484 cael

156 650 321 714 confluere
338 672 377 714 ex
393 650 466 728 ipso
480 657 617 729 possunt
635 651 795 713 elementa
809 648 945 726 uaporis

156 767 190 823 et
205 760 304 822 simul
319 780 359 821 ex
373 759 431 823 illa
447 779 530 837 quae
545 766 617 822 tum
632 779 683 821 res
699 758 821 836 excipit
836 758 955 833 ictum;

142 871 207 946 (ut,
224 869 369 947 lapidem
386 869 478 932 ferro
494 890 568 932 cum
584 869 759 944 caedimus,
777 869 886 930 euolat
902 866 1005 944 ignis)

155 999 227 1055 nec,
243 979 330 1056 quod
346 978 473 1056 frigida
487 977 540 1041 uis
555 977 679 1054 ferrist,
696 979 756 1039 hoc
771 977 873 1039 setius
888 976 937 1037 illi

159 1088 285 1151 semina
301 1096 504 1150 concurrunt
521 1087 621 1150 calidi
638 1086 780 1165 fulgoris
797 1087 840 1149 ad
857 1086 969 1148 ictum.

116 1197 206 1260 —sic
222 1196 326 1274 igitur
342 1217 470 1274 quoque
486 1217 538 1259 res
555 1197 689 1260 accendi
705 1195 846 1258 fulmine
862 1196 967 1271 debet,

160 1315 350 1385 opportuna
365 1306 434 1369 fuit
448 1306 476 1368 si
492 1306 579 1370 forte
595 1312 628 1370 et
644 1306 761 1369 idonea
776 1305 925 1368 flammis.

159 1436 219 1479 aec
234 1423 354 1479 temere
369 1416 503 1479 omnino
517 1417 615 1494 plane
629 1415 682 1478 uis
697 1414 823 1493 frigida
838 1414 932 1477 uenti

161 1546 229 1589 esse
243 1532 360 1603 potest,
375 1546 413 1589 ea
429 1545 512 1603 quae
526 1531 621 1588 tanta
636 1525 672 1587 ui
686 1524 785 1586 missa
799 1530 982 1602 supernest‚

162 1634 253 1712 quin,
270 1634 364 1712 prius
380 1634 416 1695 in
433 1655 532 1697 cursu
548 1633 576 1696 si
592 1654 658 1697 non
676 1633 868 1697 accenditur
884 1632 964 1711 igni,

162 1752 197 1807 at
212 1744 379 1822 tepefacta
395 1752 505 1807 tamen
522 1744 636 1807 ueniat
653 1742 828 1806 commixta
844 1744 961 1806 calore.

225 1854 392 1916 Mobilitas
408 1860 518 1916 autem
533 1852 571 1914 fit
586 1852 738 1916 fulminis
755 1858 786 1913 et
803 1852 916 1930 grauis
931 1851 1026 1928 ictus,

167 1959 223 2048 {lat
241 1962 339 2025 celeri
358 1961 462 2024 ferme
481 1969 682 2040 percurrunt
703 1960 846 2025 fulmina
866 1957 983 2046 lapsull

164 2072 307 2134 nubibus
323 2072 396 2149 ipsa
410 2072 498 2149 quod
515 2072 646 2135 omnino
662 2071 756 2149 prius
772 2071 875 2133 incita
890 2091 923 2132 se
939 2070 991 2133 uis

164 2181 288 2259 colligit
305 2188 337 2244 et
353 2201 510 2259 magnum
526 2200 681 2243 conamen
699 2180 799 2243 sumit
815 2180 926 2257 eundi,

165 2290 241 2353 inde
258 2290 315 2353 ubi
332 2310 398 2352 non
415 2290 525 2368 potuit
541 2292 644 2353 nubes
661 2310 777 2368 capere
794 2289 918 2367 inpetis
934 2296 1077 2365 auctum,

165 2399 363 2478 exprimitur
380 2399 432 2462 uis
448 2407 547 2477 atque
564 2399 638 2463 ideo
654 2400 745 2462 uolat
763 2399 883 2477 impete
900 2398 993 2475 miro,

165 2516 203 2571 ut
218 2509 341 2572 ualidis
356 2529 439 2586 quae
455 2510 495 2571 de
512 2508 684 2572 tormentis
700 2509 799 2571 missa
815 2507 982 2570 feruntur.

166 2620 249 2680 adde
264 2619 351 2695 quod
366 2640 382 2681 e
395 2618 511 2696 paruis
525 2624 557 2682 et
570 2618 699 2681 leuibus
713 2625 761 2681 est
777 2617 953 2693 elementis,

165 2748 224 2790 nec
240 2728 369 2791 facilest
385 2728 445 2790 tali
460 2735 600 2791 naturae
617 2727 774 2805 opsistere
791 2726 983 2804 quicquam;

127 2836 254 2900 —inter
269 2837 355 2900 enim
371 2837 460 2915 fugit
477 2858 514 2900 ac
530 2844 682 2915 penetrat
699 2857 758 2914 per
773 2857 850 2899 rara
866 2836 1008 2911 uiarum,

166 2967 232 3009 non
249 2946 354 3024 igitur
369 2946 482 3009 multis
499 2946 677 3009 offensibus
692 2946 727 3006 in
744 2945 941 3008 remorando

166 3056 316 3131 haesitat,
333 3056 418 3119 hanc
434 3057 474 3118 ob
490 3077 559 3118 rem
575 3055 672 3118 celeri
687 3056 778 3118 uolat
795 3055 916 3133 impete
932 3056 1054 3117 labens.

128 3165 296 3241 —deinde
313 3166 400 3242 quod
417 3165 548 3228 omnino
565 3170 687 3229 natura
704 3166 851 3242 pondera
868 3165 1020 3226 deorsum

168 3274 276 3337 omnia
293 3275 460 3350 nituntur,
478 3295 552 3336 cum
570 3275 701 3351 plagast
718 3273 832 3336 addita
850 3293 939 3349 uero,

168 3384 332 3447 mobilitas
347 3383 540 3461 duplicatur
556 3391 587 3445 et
603 3382 746 3460 impetus
761 3383 816 3444 ille
832 3381 1006 3460 grauesoit‚

168 3501 205 3555 ut
221 3493 447 3556 uehementius
464 3500 495 3555 et
511 3491 609 3555 eitius
625 3512 848 3569 quaecumque
864 3498 1037 3553 morantur

169 3603 265 3665 obuia
280 3602 438 3665 discutiat
454 3601 562 3679 plagis
577 3600 741 3678 itinerque
756 3607 923 3678 sequatur.

132 3712 309 3789 —denique
326 3713 414 3789 quod
431 3712 529 3788 longo
543 3710 635 3773 uenit
653 3709 782 3788 impete,
801 3730 928 3772 sumere
945 3710 1040 3772 debet

170 3821 383 3884 mobilitatem
400 3818 499 3882 etiam
515 3827 614 3896 atque
630 3820 739 3895 etiam,
756 3839 839 3896 quae
855 3818 971 3880 crescit
988 3818 1096 3881 eundo

182 3953 231 4001 317
242 3953 308 4014 fort.
326 3967 369 4002 res
386 3963 506 4015 quaeque

182 4020 232 4069 324
241 4020 313 4082 vulp.
328 4023 356 4070 et
