3190 4682
634 470 685 518 DE
703 468 835 519 RERVM
852 468 1008 518 NATVRA
1030 469 1053 518 V

332 689 431 760 atque
448 702 575 746 omnem
591 704 702 746 rerum
717 690 873 747 naturam
889 685 1034 762 pandere
1051 683 1158 746 dietis.

397 877 499 940 Cuius
518 897 578 955 ego
595 877 762 955 ingressus
779 878 921 956 uestigia
938 879 1018 940 dum
1036 877 1181 941 rationes

332 1006 511 1064 persequor
527 1008 564 1050 ao
581 988 681 1050 dooeo
696 987 804 1064 dietis,
822 1008 888 1065 quo
903 1007 1050 1065 quaeque
1068 994 1179 1050 ereata

333 1096 465 1160 foedere
481 1097 557 1173 sint,
575 1097 610 1157 in
627 1117 664 1160 eo
680 1118 778 1174 quam
794 1097 837 1159 sit
853 1098 976 1160 durare
992 1117 1159 1160 necessum

333 1225 392 1268 nee
408 1206 539 1269 ualidas
554 1207 690 1270 ualeant
706 1207 779 1269 aeui
795 1206 980 1270 rescindere
996 1207 1092 1284 leges,

620 1312 784 1362 ANIMAM
807 1312 989 1362 NATIVAM
1012 1311 1103 1362 ESSE

317 1401 399 1478 (quo
414 1421 531 1479 genere
547 1401 583 1463 in
597 1401 714 1479 primis
730 1400 832 1464 animi
847 1408 970 1464 natura
985 1408 1118 1478 reperta
1134 1408 1183 1463 est

301 1553 304 1559 -
333 1510 449 1573 natiuo
466 1510 610 1589 primum
627 1509 803 1574 consistere
820 1530 955 1588 corpore
972 1517 1062 1574 oreta

332 1640 391 1682 nee
408 1639 500 1697 posse
517 1619 689 1682 ineolumis
705 1640 861 1698 magnum
878 1620 1000 1683 durare
1015 1602 1076 1697 per
1092 1639 1216 1696 aeuom,
1326 1680 1331 1691 ,

333 1730 389 1792 sed
406 1729 582 1792 simulacra
598 1730 700 1797 solere
717 1730 753 1790 in
769 1730 889 1791 somnis
906 1729 1023 1793 fallere
1039 1736 1191 1805 mentem,

333 1858 465 1901 eernere
482 1859 556 1901 oum
573 1838 747 1901 uideamur
764 1859 837 1900 eum
854 1859 949 1916 quem
965 1839 1039 1902 uita
1054 1838 1221 1916 reliquit),
1297 1844 1299 1849 ’

453 2030 627 2080 MVNDVM
648 2031 696 2080 ΕΤ
717 2030 856 2079 NATVM
878 2029 926 2080 ΕΤ
948 2028 1164 2079 MORTALEM
1184 2027 1274 2078 ESSE

334 2120 421 2197 quod
437 2126 596 2197 superest,
613 2140 702 2182 nune
723 2129 847 2190 <me>
869 2120 933 2181 hue
949 2118 1089 2180 rationis
1105 2117 1226 2180 detulit
1242 2116 1325 2189 ordo,

333 2236 372 2292 ut
387 2229 468 2291 mihi
483 2230 615 2292 mortali
627 2229 807 2292 'consistere
823 2249 960 2307 corpore
974 2229 1135 2290 mundum

333 2339 546 2416 natiuomque
560 2338 659 2401 simul
672 2339 758 2402 ratio
772 2338 946 2400 reddunda
961 2338 1004 2400 sit
1019 2357 1103 2413 esse3

335 2456 366 2511 et
383 2449 501 2525 quibus
517 2448 573 2511 ille
588 2449 693 2510 modis
709 2465 901 2525 congressus
915 2447 1067 2509 materiai

286 2547 287 2553 ἵ
334 2558 489 2621 fundarit
504 2565 627 2620 terram
643 2558 769 2620 eaelum
784 2577 873 2618 mare
889 2557 997 2619 sidera
1013 2557 1112 2618 solem

334 2667 491 2744 lunaique
506 2668 656 2746 globum3
674 2671 744 2729 tum
761 2687 844 2743 quae
860 2667 979 2729 tellure
995 2666 1179 2729 animantes

334 2776 515 2854 extiterint,
532 2784 564 2839 et
579 2797 662 2854 quae
678 2760 769 2839 nullo
786 2775 853 2838 sint
868 2782 1014 2852 tempore
1029 2782 1127 2838 natae
1134 2754 1144 2852 '3

335 2906 440 2964 quoue
455 2887 550 2949 modo
566 2907 669 2964 genus
683 2886 865 2948 humanum
881 2885 1034 2948 uariante
1050 2885 1180 2962 loquela

334 2996 478 3073 eoeperit
495 2995 582 3058 inter
598 3016 631 3058 se
648 2995 736 3057 uesei
753 3015 812 3073 per
829 2994 963 3058 nomina
978 3015 1106 3070 rerum;

335 3113 366 3168 et
382 3105 500 3183 quibus
515 3105 571 3168 ille
586 3105 691 3166 modis
706 3104 817 3166 diuom
832 3111 938 3166 metus
954 3103 1133 3167 insinuarit

335 3221 478 3291 peetora,
494 3220 659 3276 terrarum
675 3213 732 3291 qui
748 3213 783 3274 in
799 3213 870 3276 orbi
885 3220 999 3277 saneta
1014 3220 1129 3276 tuetur

334 3324 416 3386 fana
433 3325 524 3386 loeus
540 3324 630 3385 lueos
646 3344 720 3387 aras
736 3323 976 3399 simulacraque
995 3323 1116 3385 diuom.

601 3429 651 3478 DE
668 3428 774 3479 SOLIS
790 3429 838 3478 ET
855 3428 986 3479 LVNAE
1005 3428 1127 3480 CVRSV

291 3528 506 3599 -praeterea
522 3519 598 3582 solis
616 3539 731 3582 eursus
748 3519 911 3594 lunaeque
928 3524 1055 3580 meatus

334 3630 506 3707 expediam
523 3650 589 3707 qua
605 3629 641 3691 ui
657 3629 767 3691 flectat
784 3634 906 3690 natura
923 3629 1111 3704 gubernans
1121 3653 1140 3703 ;¹

335 3761 375 3804 116
392 3739 479 3803 forte
495 3740 574 3802 haee
591 3738 678 3801 inter
694 3738 820 3800 eaelum
836 3744 1024 3813 terramque
1040 3757 1172 3799 reamur

334 3850 439 3912 libera
456 3856 571 3927 sponte
589 3868 648 3910 sua
666 3867 781 3910 eursus
799 3848 942 3909 lustrare
961 3845 1115 3924 perennis

333 3958 497 4036 morigera
512 3958 554 4021 ad
570 3957 684 4034 fruges
701 3957 869 4033 augendas
884 3961 982 4032 atque
999 3955 1187 4032 animantis,

335 4084 417 4132 neue
435 4067 547 4144 aliqua
562 4065 675 4129 diuom
690 4065 783 4129 uolui
799 4064 927 4128 ratione
945 4071 1108 4143 putemus.

830 4246 903 4299 [166]
