3190 4682
521 442 551 490 Τ.
572 441 735 493 LVGRE'H
755 441 843 493 CARI

146 656 323 718 subruitur
340 661 478 732 natura;
496 657 589 718 dolor
606 677 704 733 quam
722 657 933 733 consequitur
949 677 1027 718 rem,

146 773 326 843 propterea
343 765 475 843 capitur
493 766 585 828 cibus
600 774 638 828 ut
656 766 824 829 suffulciat
843 774 936 829 artus

146 882 179 937 et
196 882 323 938 recreet
339 876 428 938 uires
445 876 632 939 interdatus
649 883 747 953 atque
764 883 932 954 patentem

146 1005 206 1062 per
223 987 369 1048 membra
385 1006 423 1048 ac
438 1006 540 1048 uenas
555 992 594 1048 ut
611 1005 753 1048 amorem
769 992 902 1063 opturet
919 985 1047 1047 edendi.
1139 999 1140 1002 ’

104 1115 243 1157 —umor
259 1095 338 1158 item
353 1095 491 1158 discedit
507 1096 543 1157 in
558 1095 667 1158 omnia
682 1116 766 1172 quae
781 1096 851 1157 loca
867 1116 1005 1172 cumque

146 1213 289 1282 poscunt
304 1225 467 1281 umorem3
484 1206 727 1283 glomerataque
743 1206 850 1267 multa
863 1204 999 1282 uaporis

145 1335 296 1392 corpora,
316 1335 399 1392 quae
416 1316 583 1389 stomacho
600 1316 759 1392 praebent
777 1314 931 1377 incendia
948 1320 1070 1389 nostro,

145 1424 300 1502 dissupat
318 1424 498 1487 adueniens
514 1424 623 1500 liquor
639 1444 677 1486 ac
694 1424 872 1500 restinguit
888 1431 926 1487 ut
943 1424 1062 1501 ignem,

145 1555 245 1597 urere
261 1554 302 1596 ne
318 1534 421 1611 possit
437 1534 524 1596 calor
541 1533 683 1611 amplius
700 1533 815 1596 aridus
831 1540 932 1595 artus.

105 1643 193 1705 —sic
208 1643 314 1721 igitur
329 1643 391 1706 tibi
406 1644 523 1706 anhela
538 1643 610 1705 sitis
626 1644 665 1705 de
681 1662 816 1720 corpore
831 1649 944 1704 nostro

146 1753 306 1829 abluitur,
323 1753 368 1815 sic
385 1754 537 1831 expletur
553 1752 664 1816 ieiuna
680 1748 832 1837 cupidoll

180 2011 233 2060 DE
258 2010 364 2060 MOTV
390 2011 640 2061 MEMBRORVM
665 2011 740 2061 HOC
764 2011 833 2061 EST
857 2011 907 2060 DE
932 2010 1174 2061 AMBVLANDO

211 2100 308 2161 Nunc
325 2099 382 2176 qui
399 2100 457 2162 fiat
473 2100 524 2163 uti
542 2121 658 2178 passus
674 2100 826 2178 proferre
844 2121 1011 2177 queamus,

146 2230 223 2272 cum
239 2211 401 2285 uolumus,
418 2211 575 2287 uarieque
591 2212 707 2273 datum
724 2210 767 2272 sit
782 2212 927 2273 membra
943 2230 1084 2286 mouere,

147 2326 179 2382 et
196 2341 281 2396 quae
295 2340 347 2382 res
361 2327 493 2383 tantum
508 2321 568 2383 hoc
584 2321 691 2383 oneris
708 2322 904 2398 protrudere
914 2320 1025 2382 'nostri

147 2429 296 2507 corporis
311 2430 461 2505 insuerit,
477 2430 601 2493 dicam:
618 2436 657 2493 tu
674 2430 806 2508 percipe
822 2430 920 2492 dicta.

147 2539 233 2601 Dico
249 2539 359 2602 animo
373 2546 487 2602 nostro
503 2541 647 2618 primum
665 2540 839 2602 simulacra
857 2540 988 2602 meandi

148 2650 302 2711 accedere
319 2656 417 2726 atque
435 2649 582 2712 animum
599 2651 740 2728 pulsare,
757 2656 796 2711 ut
814 2649 957 2712 diximus
968 2656 1061 2712 ante.

148 2759 226 2820 inde
242 2760 398 2821 uoluntas
413 2759 467 2834 fit;
484 2780 590 2836 neque
606 2759 692 2822 enim
709 2759 818 2822 faeere
834 2759 953 2837 incipit
968 2760 1070 2822 ullam

147 2890 219 2932 rem
235 2868 417 2945 quisquam,
440 2878 613 2945 <quam>
634 2889 724 2930 mens
741 2869 890 2946 prouidit
907 2869 987 2946 quid
1003 2869 1085 2931 uelit
1102 2875 1188 2931 ante.

148 2978 184 3040 id
199 2979 287 3056 quod
302 2978 465 3056 prouidet,
482 2978 573 3041 illius
586 2978 633 3040 rei
650 2984 777 3040 constat
792 2978 909 3055 imago.
1252 2974 1303 3023 885

107 3108 227 3166 —ergo
242 3087 372 3151 animus
386 3109 460 3151 cum
475 3108 541 3150 sese
557 3087 605 3150 ita
620 3096 800 3150 commouet
814 3094 853 3150 ut
867 3088 950 3150 uelit
965 3088 1013 3149 ire

150 3197 250 3274 inque
267 3198 370 3275 gredi,
388 3197 468 3260 ferit
486 3199 649 3274 extemplo
667 3218 749 3274 quae
767 3197 802 3258 in
820 3218 955 3275 corpore
972 3204 1042 3260 toto
1094 3212 1097 3219 ’
1141 3224 1143 3229 ·

149 3327 209 3385 per
224 3308 369 3369 membra
385 3313 482 3384 atque
499 3313 593 3368 artus
607 3307 730 3369 animai
746 3307 862 3369 dissita
877 3306 929 3370 uis
945 3315 1002 3369 est.

135 3417 184 3492 (et
201 3416 330 3479 facilest
347 3415 450 3492 factu,
468 3417 623 3493 quoniam
641 3416 816 3479 coniuncta
832 3418 991 3492 tenetur.)
1021 3440 1024 3456 ²

150 3526 227 3588 inde
244 3546 282 3589 ea
297 3545 460 3603 proporro
475 3546 594 3603 corpus
611 3525 700 3601 ferit,
718 3531 816 3603 atque
832 3525 881 3588 ita
895 3534 966 3589 tota
991 3522 994 3527 ’

152 3635 313 3713 paulatim
331 3636 431 3698 moles
449 3635 662 3713 protruditur
681 3642 779 3712 atque
797 3642 958 3698 mouetur.

151 3746 328 3808 Praeterea
344 3752 415 3807 tum
433 3745 569 3807 rarescit
587 3765 715 3822 quoque
732 3765 852 3823 corpus
869 3752 900 3807 et
918 3765 974 3807 aer

137 3854 274 3930 (scilicet
289 3862 327 3917 ut
342 3855 440 3917 debet
455 3854 511 3931 qui
527 3874 654 3932 semper
669 3854 797 3917 mobilis
813 3855 919 3927 extat)

152 3985 209 4042 per
225 3964 395 4043 patefacta
411 3963 504 4026 uenit
521 3969 737 4041 penetratque
755 3962 919 4024 foramina
935 3963 1048 4040 largus

162 4099 210 4148 878
221 4111 346 4161 vareque
381 4096 448 4157 fort.
465 4109 587 4158 quareve

644 4212 717 4263 [149]
