<?xml version="1.0" encoding="UTF-8"?>
<!DOCTYPE html PUBLIC "-//W3C//DTD XHTML 1.0 Transitional//EN"
    "http://www.w3.org/TR/xhtml1/DTD/xhtml1-transitional.dtd">
<html xmlns="http://www.w3.org/1999/xhtml" xml:lang="en" lang="en">
 <head>
  <title>
</title>
<meta http-equiv="Content-Type" content="text/html;charset=utf-8" />
  <meta name='ocr-system' content='tesseract 3.04.00' />
  <meta name='ocr-capabilities' content='ocr_page ocr_carea ocr_par ocr_line ocrx_word'/>
</head>
<body>
  <div class='ocr_page' id='page_1' title='image "./lvcretiderervmn00merrgoog_0021.png"; bbox 0 0 3234 4684; ppageno 0'>
   <div class='ocr_carea' id='block_1_1' title="bbox 712 427 1032 478">
    <p class='ocr_par' dir='ltr' id='par_1_1' title="bbox 712 427 1032 478">
     <span class='ocr_line' id='line_1_1' title="bbox 712 427 1032 478; baseline 0 -1"><span class='ocrx_word' id='word_1_1' title='bbox 712 428 743 477; x_wconf 81' lang='grc' dir='ltr'><strong>Τ.</strong></span> <span class='ocrx_word' id='word_1_2' title='bbox 761 427 925 478; x_wconf 72' lang='lat' dir='ltr'><strong>chsarl</strong></span> <span class='ocrx_word' id='word_1_3' title='bbox 942 427 1032 478; x_wconf 79' lang='lat' dir='ltr'><em>CARI</em></span> 
     </span>
    </p>
   </div>
   <div class='ocr_carea' id='block_1_2' title="bbox 240 641 1283 2252">
    <p class='ocr_par' dir='ltr' id='par_1_2' title="bbox 240 641 1256 938">
     <span class='ocr_line' id='line_1_2' title="bbox 341 641 1256 721; baseline 0.002 -19"><span class='ocrx_word' id='word_1_4' title='bbox 341 661 409 704; x_wconf 92' lang='lat' dir='ltr'><strong>non</strong></span> <span class='ocrx_word' id='word_1_5' title='bbox 425 642 544 720; x_wconf 88' lang='lat' dir='ltr'><strong>potuit,</strong></span> <span class='ocrx_word' id='word_1_6' title='bbox 560 643 700 721; x_wconf 88' lang='lat' dir='ltr'><strong>pedibus</strong></span> <span class='ocrx_word' id='word_1_7' title='bbox 715 641 774 720; x_wconf 89' lang='lat' dir='ltr'><strong>qui</strong></span> <span class='ocrx_word' id='word_1_8' title='bbox 790 649 929 720; x_wconf 87' lang='lat' dir='ltr'><strong>pontum</strong></span> <span class='ocrx_word' id='word_1_9' title='bbox 944 662 1004 720; x_wconf 91' lang='lat' dir='ltr'><strong>per</strong></span> <span class='ocrx_word' id='word_1_10' title='bbox 1019 641 1109 704; x_wconf 87' lang='lat' dir='ltr'><strong>uada</strong></span> <span class='ocrx_word' id='word_1_11' title='bbox 1123 646 1256 718; x_wconf 80' lang='lat' dir='ltr'><strong>possent</strong></span> 
     </span>
     <span class='ocr_line' id='line_1_3' title="bbox 341 749 1161 829; baseline -0.002 -15"><span class='ocrx_word' id='word_1_12' title='bbox 341 751 485 814; x_wconf 88' lang='lat' dir='ltr'><strong>transire</strong></span> <span class='ocrx_word' id='word_1_13' title='bbox 501 758 534 815; x_wconf 89' lang='lat' dir='ltr'><strong>et</strong></span> <span class='ocrx_word' id='word_1_14' title='bbox 549 771 685 829; x_wconf 80' lang='lat' dir='ltr'><strong>magnos</strong></span> <span class='ocrx_word' id='word_1_15' title='bbox 699 751 852 815; x_wconf 90' lang='lat' dir='ltr'><strong>manibus</strong></span> <span class='ocrx_word' id='word_1_16' title='bbox 865 751 1025 814; x_wconf 91' lang='lat' dir='ltr'><strong>diuellere</strong></span> <span class='ocrx_word' id='word_1_17' title='bbox 1040 749 1161 813; x_wconf 87' lang='lat' dir='ltr'><strong>montis</strong></span> 
     </span>
     <span class='ocr_line' id='line_1_4' title="bbox 240 854 1080 938; baseline 0.001 -16"><span class='ocrx_word' id='word_1_18' title='bbox 240 854 243 858; x_wconf 73' lang='grc'>’</span> <span class='ocrx_word' id='word_1_19' title='bbox 341 861 511 938; x_wconf 84' lang='lat' dir='ltr'><strong>multaque</strong></span> <span class='ocrx_word' id='word_1_20' title='bbox 525 860 672 924; x_wconf 91' lang='lat' dir='ltr'><strong>uiuendo</strong></span> <span class='ocrx_word' id='word_1_21' title='bbox 685 861 805 924; x_wconf 85' lang='lat' dir='ltr'><strong>uitalia</strong></span> <span class='ocrx_word' id='word_1_22' title='bbox 817 860 949 924; x_wconf 83' lang='lat' dir='ltr'><strong>uincere</strong></span> <span class='ocrx_word' id='word_1_23' title='bbox 965 861 1080 936; x_wconf 84' lang='lat' dir='ltr'><strong>saecla,</strong></span> 
     </span>
    </p>

    <p class='ocr_par' dir='ltr' id='par_1_3' title="bbox 343 969 1120 1157">
     <span class='ocr_line' id='line_1_5' title="bbox 343 969 1120 1047; baseline -0.003 -15"><span class='ocrx_word' id='word_1_24' title='bbox 343 969 370 1032; x_wconf 91' lang='lat' dir='ltr'><strong>si</strong></span> <span class='ocrx_word' id='word_1_25' title='bbox 385 989 462 1047; x_wconf 89' lang='lat' dir='ltr'><strong>non,</strong></span> <span class='ocrx_word' id='word_1_26' title='bbox 476 970 630 1033; x_wconf 86' lang='lat' dir='ltr'><strong>materies</strong></span> <span class='ocrx_word' id='word_1_27' title='bbox 645 969 724 1047; x_wconf 89' lang='lat' dir='ltr'><strong>quia</strong></span> <span class='ocrx_word' id='word_1_28' title='bbox 738 971 836 1033; x_wconf 90' lang='lat' dir='ltr'><strong>rebus</strong></span> <span class='ocrx_word' id='word_1_29' title='bbox 851 969 984 1033; x_wconf 87' lang='lat' dir='ltr'><strong>reddita</strong></span> <span class='ocrx_word' id='word_1_30' title='bbox 999 974 1120 1032; x_wconf 80' lang='lat' dir='ltr'><strong>certast</strong></span> 
     </span>
     <span class='ocr_line' id='line_1_6' title="bbox 343 1077 1111 1157; baseline -0.003 -15"><span class='ocrx_word' id='word_1_31' title='bbox 343 1079 524 1157; x_wconf 80' lang='lat' dir='ltr'>gignundis</span> <span class='ocrx_word' id='word_1_32' title='bbox 538 1100 555 1142; x_wconf 91' lang='lat' dir='ltr'><strong>e</strong></span> <span class='ocrx_word' id='word_1_33' title='bbox 571 1099 636 1157; x_wconf 89' lang='lat' dir='ltr'><strong>qua</strong></span> <span class='ocrx_word' id='word_1_34' title='bbox 651 1085 779 1142; x_wconf 86' lang='lat' dir='ltr'><strong>constat</strong></span> <span class='ocrx_word' id='word_1_35' title='bbox 796 1078 877 1156; x_wconf 90' lang='lat' dir='ltr'><strong>quid</strong></span> <span class='ocrx_word' id='word_1_36' title='bbox 892 1078 994 1157; x_wconf 78' lang='lat' dir='ltr'><strong>possit</strong></span> <span class='ocrx_word' id='word_1_37' title='bbox 1009 1077 1111 1140; x_wconf 85' lang='grc'><strong>111111</strong></span> 
     </span>
    </p>

    <p class='ocr_par' dir='ltr' id='par_1_4' title="bbox 300 1187 1283 1485">
     <span class='ocr_line' id='line_1_7' title="bbox 300 1187 1088 1267; baseline 0 -17"><span class='ocrx_word' id='word_1_38' title='bbox 300 1188 392 1250; x_wconf 92' lang='lat' dir='ltr'><strong>—nil</strong></span> <span class='ocrx_word' id='word_1_39' title='bbox 409 1188 513 1267; x_wconf 78' lang='lat' dir='ltr'><strong>igitur</strong></span> <span class='ocrx_word' id='word_1_40' title='bbox 528 1188 600 1252; x_wconf 92' lang='lat' dir='ltr'><strong>fieri</strong></span> <span class='ocrx_word' id='word_1_41' title='bbox 617 1189 658 1252; x_wconf 91' lang='lat' dir='ltr'><strong>de</strong></span> <span class='ocrx_word' id='word_1_42' title='bbox 675 1187 745 1251; x_wconf 91' lang='lat' dir='ltr'><strong>nilo</strong></span> <span class='ocrx_word' id='word_1_43' title='bbox 761 1208 854 1266; x_wconf 88' lang='lat' dir='ltr'><strong>posse</strong></span> <span class='ocrx_word' id='word_1_44' title='bbox 871 1187 1088 1264; x_wconf 79' lang='lat' dir='ltr'><strong>fatendumst,</strong></span> 
     </span>
     <span class='ocr_line' id='line_1_8' title="bbox 343 1297 1283 1376; baseline -0.003 -15"><span class='ocrx_word' id='word_1_45' title='bbox 343 1297 465 1361; x_wconf 92' lang='lat' dir='ltr'><strong>semine</strong></span> <span class='ocrx_word' id='word_1_46' title='bbox 479 1298 613 1375; x_wconf 87' lang='lat' dir='ltr'><strong>quando</strong></span> <span class='ocrx_word' id='word_1_47' title='bbox 627 1318 711 1376; x_wconf 92' lang='lat' dir='ltr'><strong>opus</strong></span> <span class='ocrx_word' id='word_1_48' title='bbox 724 1305 773 1361; x_wconf 93' lang='lat' dir='ltr'><strong>est</strong></span> <span class='ocrx_word' id='word_1_49' title='bbox 788 1298 895 1374; x_wconf 92' lang='lat' dir='ltr'><strong>rebus,</strong></span> <span class='ocrx_word' id='word_1_50' title='bbox 912 1317 976 1374; x_wconf 91' lang='lat' dir='ltr'><strong>quo</strong></span> <span class='ocrx_word' id='word_1_51' title='bbox 991 1316 1139 1374; x_wconf 90' lang='lat' dir='ltr'><strong>quaeque</strong></span> <span class='ocrx_word' id='word_1_52' title='bbox 1154 1301 1283 1359; x_wconf 81' lang='lat' dir='ltr'><strong>orestae</strong></span> 
     </span>
     <span class='ocr_line' id='line_1_9' title="bbox 344 1406 1102 1485; baseline -0.004 -14"><span class='ocrx_word' id='word_1_53' title='bbox 344 1407 429 1471; x_wconf 89' lang='grc'><strong>11111</strong></span> <span class='ocrx_word' id='word_1_54' title='bbox 446 1407 627 1471; x_wconf 81' lang='lat' dir='ltr'><strong>intereras</strong></span> <span class='ocrx_word' id='word_1_55' title='bbox 644 1414 776 1485; x_wconf 88' lang='lat' dir='ltr'><strong>possent</strong></span> <span class='ocrx_word' id='word_1_56' title='bbox 793 1406 976 1485; x_wconf 83' lang='lat' dir='ltr'><strong>proferrier</strong></span> <span class='ocrx_word' id='word_1_57' title='bbox 994 1426 1102 1468; x_wconf 88' lang='lat' dir='ltr'><strong>auras.</strong></span> 
     </span>
    </p>

    <p class='ocr_par' dir='ltr' id='par_1_5' title="bbox 301 1515 1223 2252">
     <span class='ocr_line' id='line_1_10' title="bbox 301 1515 1183 1594; baseline -0.003 -15"><span class='ocrx_word' id='word_1_58' title='bbox 301 1524 509 1594; x_wconf 85' lang='lat' dir='ltr'><strong>—postremo</strong></span> <span class='ocrx_word' id='word_1_59' title='bbox 524 1516 679 1594; x_wconf 89' lang='lat' dir='ltr'><strong>quoniam</strong></span> <span class='ocrx_word' id='word_1_60' title='bbox 696 1515 831 1579; x_wconf 89' lang='lat' dir='ltr'><strong>inoultis</strong></span> <span class='ocrx_word' id='word_1_61' title='bbox 847 1521 1015 1593; x_wconf 89' lang='lat' dir='ltr'><strong>praestare</strong></span> <span class='ocrx_word' id='word_1_62' title='bbox 1032 1515 1183 1578; x_wconf 90' lang='lat' dir='ltr'><strong>uidemus</strong></span> 
     </span>
     <span class='ocr_line' id='line_1_11' title="bbox 344 1614 1219 1700; baseline -0.005 -11"><span class='ocrx_word' id='word_1_63' title='bbox 344 1626 434 1689; x_wconf 90' lang='lat' dir='ltr'><strong>onlta</strong></span> <span class='ocrx_word' id='word_1_64' title='bbox 450 1627 520 1689; x_wconf 86' lang='lat' dir='ltr'><strong>looa</strong></span> <span class='ocrx_word' id='word_1_65' title='bbox 537 1632 569 1689; x_wconf 91' lang='lat' dir='ltr'><strong>et</strong></span> <span class='ocrx_word' id='word_1_66' title='bbox 584 1625 737 1688; x_wconf 87' lang='lat' dir='ltr'><strong>manibus</strong></span> <span class='ocrx_word' id='word_1_67' title='bbox 752 1625 896 1688; x_wconf 89' lang='lat' dir='ltr'><strong>melioris</strong></span> <span class='ocrx_word' id='word_1_68' title='bbox 912 1625 1050 1688; x_wconf 90' lang='lat' dir='ltr'><strong>reddere</strong></span> <span class='ocrx_word' id='word_1_69' title='bbox 1066 1624 1165 1700; x_wconf 82' lang='lat' dir='ltr'><strong>fetus,</strong></span> <span class='ocrx_word' id='word_1_70' title='bbox 1217 1614 1219 1618; x_wconf 40' lang='lat'>¹</span> 
     </span>
     <span class='ocr_line' id='line_1_12' title="bbox 344 1733 1076 1811; baseline -0.003 -14"><span class='ocrx_word' id='word_1_71' title='bbox 344 1755 411 1798; x_wconf 88' lang='lat' dir='ltr'><strong>esse</strong></span> <span class='ocrx_word' id='word_1_72' title='bbox 427 1734 583 1798; x_wconf 90' lang='lat' dir='ltr'><strong>uidelioet</strong></span> <span class='ocrx_word' id='word_1_73' title='bbox 599 1734 634 1796; x_wconf 93' lang='lat' dir='ltr'><strong>in</strong></span> <span class='ocrx_word' id='word_1_74' title='bbox 650 1734 750 1798; x_wconf 89' lang='lat' dir='ltr'><strong>terris</strong></span> <span class='ocrx_word' id='word_1_75' title='bbox 766 1733 948 1811; x_wconf 90' lang='lat' dir='ltr'><strong>primordia</strong></span> <span class='ocrx_word' id='word_1_76' title='bbox 965 1753 1076 1796; x_wconf 90' lang='lat' dir='ltr'><strong>rerum</strong></span> 
     </span>
     <span class='ocr_line' id='line_1_13' title="bbox 345 1844 1126 1922; baseline -0.003 -15"><span class='ocrx_word' id='word_1_77' title='bbox 345 1866 428 1922; x_wconf 89' lang='lat' dir='ltr'><strong>quae</strong></span> <span class='ocrx_word' id='word_1_78' title='bbox 442 1864 501 1906; x_wconf 91' lang='lat' dir='ltr'><strong>nos</strong></span> <span class='ocrx_word' id='word_1_79' title='bbox 515 1844 677 1907; x_wconf 78' lang='lat' dir='ltr'><strong>fecundas</strong></span> <span class='ocrx_word' id='word_1_80' title='bbox 690 1850 857 1907; x_wconf 89' lang='lat' dir='ltr'><strong>uertentes</strong></span> <span class='ocrx_word' id='word_1_81' title='bbox 871 1863 1002 1906; x_wconf 91' lang='lat' dir='ltr'><strong>uomere</strong></span> <span class='ocrx_word' id='word_1_82' title='bbox 1016 1844 1126 1920; x_wconf 81' lang='lat' dir='ltr'><strong>glebas</strong></span> 
     </span>
     <span class='ocr_line' id='line_1_14' title="bbox 344 1952 1138 2032; baseline -0.006 -14"><span class='ocrx_word' id='word_1_83' title='bbox 344 1955 512 2032; x_wconf 88' lang='lat' dir='ltr'><strong>terraique</strong></span> <span class='ocrx_word' id='word_1_84' title='bbox 529 1955 634 2016; x_wconf 91' lang='lat' dir='ltr'><strong>solum</strong></span> <span class='ocrx_word' id='word_1_85' title='bbox 651 1953 838 2031; x_wconf 85' lang='lat' dir='ltr'><strong>subigentes</strong></span> <span class='ocrx_word' id='word_1_86' title='bbox 855 1952 959 2015; x_wconf 88' lang='lat' dir='ltr'><strong>oimus</strong></span> <span class='ocrx_word' id='word_1_87' title='bbox 976 1952 1018 2014; x_wconf 88' lang='lat' dir='ltr'><strong>ad</strong></span> <span class='ocrx_word' id='word_1_88' title='bbox 1037 1958 1138 2015; x_wconf 88' lang='lat' dir='ltr'><strong>ortus.</strong></span> 
     </span>
     <span class='ocr_line' id='line_1_15' title="bbox 346 2061 1223 2142; baseline -0.005 -15"><span class='ocrx_word' id='word_1_89' title='bbox 346 2063 476 2142; x_wconf 84' lang='lat' dir='ltr'><strong>quodsi</strong></span> <span class='ocrx_word' id='word_1_90' title='bbox 491 2064 584 2126; x_wconf 89' lang='lat' dir='ltr'><strong>nulla</strong></span> <span class='ocrx_word' id='word_1_91' title='bbox 599 2061 720 2139; x_wconf 84' lang='lat' dir='ltr'><strong>forent,</strong></span> <span class='ocrx_word' id='word_1_92' title='bbox 736 2068 848 2124; x_wconf 89' lang='lat' dir='ltr'><strong>nostro</strong></span> <span class='ocrx_word' id='word_1_93' title='bbox 863 2061 933 2124; x_wconf 90' lang='lat' dir='ltr'><strong>sine</strong></span> <span class='ocrx_word' id='word_1_94' title='bbox 950 2081 1097 2139; x_wconf 89' lang='lat' dir='ltr'><strong>quaeque</strong></span> <span class='ocrx_word' id='word_1_95' title='bbox 1113 2061 1223 2123; x_wconf 92' lang='lat' dir='ltr'><strong>labore</strong></span> 
     </span>
     <span class='ocr_line' id='line_1_16' title="bbox 345 2170 1049 2252; baseline -0.006 -16"><span class='ocrx_word' id='word_1_96' title='bbox 345 2181 462 2252; x_wconf 89' lang='lat' dir='ltr'><strong>sponte</strong></span> <span class='ocrx_word' id='word_1_97' title='bbox 477 2192 537 2236; x_wconf 89' lang='lat' dir='ltr'><strong>sua</strong></span> <span class='ocrx_word' id='word_1_98' title='bbox 552 2172 659 2235; x_wconf 91' lang='lat' dir='ltr'><strong>multo</strong></span> <span class='ocrx_word' id='word_1_99' title='bbox 672 2171 744 2233; x_wconf 91' lang='lat' dir='ltr'><strong>fieri</strong></span> <span class='ocrx_word' id='word_1_100' title='bbox 758 2170 895 2233; x_wconf 87' lang='lat' dir='ltr'><strong>meliora</strong></span> <span class='ocrx_word' id='word_1_101' title='bbox 909 2170 1049 2233; x_wconf 90' lang='lat' dir='ltr'><strong>uideres.</strong></span> 
     </span>
    </p>
   </div>
   <div class='ocr_carea' id='block_1_3' title="bbox 409 2359 1272 2526">
    <p class='ocr_par' dir='ltr' id='par_1_6' title="bbox 409 2359 1272 2526">
     <span class='ocr_line' id='line_1_17' title="bbox 577 2359 1171 2412; baseline -0.005 0"><span class='ocrx_word' id='word_1_102' title='bbox 577 2361 691 2412; x_wconf 87' lang='lat' dir='ltr'><strong>NIHIL</strong></span> <span class='ocrx_word' id='word_1_103' title='bbox 714 2361 767 2410; x_wconf 83' lang='lat' dir='ltr'><strong>AD</strong></span> <span class='ocrx_word' id='word_1_104' title='bbox 789 2359 963 2411; x_wconf 85' lang='lat' dir='ltr'><strong>NIHILVM</strong></span> <span class='ocrx_word' id='word_1_105' title='bbox 986 2360 1171 2410; x_wconf 84' lang='lat' dir='ltr'>INTERIRE</span> 
     </span>
     <span class='ocr_line' id='line_1_18' title="bbox 409 2448 1272 2526; baseline -0.003 -13"><span class='ocrx_word' id='word_1_106' title='bbox 409 2452 486 2513; x_wconf 89' lang='lat' dir='ltr'><strong>Huo</strong></span> <span class='ocrx_word' id='word_1_107' title='bbox 501 2449 626 2514; x_wconf 90' lang='lat' dir='ltr'><strong>aooedit</strong></span> <span class='ocrx_word' id='word_1_108' title='bbox 640 2449 692 2512; x_wconf 92' lang='lat' dir='ltr'><strong>uti</strong></span> <span class='ocrx_word' id='word_1_109' title='bbox 706 2449 846 2526; x_wconf 90' lang='lat' dir='ltr'><strong>quioque</strong></span> <span class='ocrx_word' id='word_1_110' title='bbox 861 2448 897 2510; x_wconf 94' lang='lat' dir='ltr'><strong>in</strong></span> <span class='ocrx_word' id='word_1_111' title='bbox 912 2469 972 2511; x_wconf 91' lang='lat' dir='ltr'><strong>sua</strong></span> <span class='ocrx_word' id='word_1_112' title='bbox 985 2467 1125 2526; x_wconf 87' lang='lat' dir='ltr'><strong>oorpora</strong></span> <span class='ocrx_word' id='word_1_113' title='bbox 1138 2467 1272 2510; x_wconf 89' lang='lat' dir='ltr'><strong>rursum</strong></span> 
     </span>
    </p>
   </div>
   <div class='ocr_carea' id='block_1_4' title="bbox 210 2557 1288 4062">
    <p class='ocr_par' dir='ltr' id='par_1_7' title="bbox 210 2557 1288 4062">
     <span class='ocr_line' id='line_1_19' title="bbox 346 2557 1244 2636; baseline -0.004 -14"><span class='ocrx_word' id='word_1_114' title='bbox 346 2561 506 2623; x_wconf 87' lang='lat' dir='ltr'><strong>dissoluat</strong></span> <span class='ocrx_word' id='word_1_115' title='bbox 520 2566 643 2623; x_wconf 86' lang='lat' dir='ltr'><strong>natura</strong></span> <span class='ocrx_word' id='word_1_116' title='bbox 656 2579 762 2636; x_wconf 91' lang='lat' dir='ltr'><strong>neque</strong></span> <span class='ocrx_word' id='word_1_117' title='bbox 777 2559 820 2622; x_wconf 87' lang='lat' dir='ltr'><strong>ad</strong></span> <span class='ocrx_word' id='word_1_118' title='bbox 835 2558 977 2620; x_wconf 92' lang='lat' dir='ltr'><strong>nihilum</strong></span> <span class='ocrx_word' id='word_1_119' title='bbox 992 2557 1168 2620; x_wconf 87' lang='lat' dir='ltr'><strong>interemat</strong></span> <span class='ocrx_word' id='word_1_120' title='bbox 1183 2577 1244 2619; x_wconf 90' lang='lat' dir='ltr'><strong>res.</strong></span> 
     </span>
     <span class='ocr_line' id='line_1_20' title="bbox 303 2667 1252 2747; baseline -0.004 -15"><span class='ocrx_word' id='word_1_121' title='bbox 303 2691 423 2733; x_wconf 76' lang='grc'><strong>-111111</strong></span> <span class='ocrx_word' id='word_1_122' title='bbox 440 2670 550 2747; x_wconf 91' lang='lat' dir='ltr'><strong>siquid</strong></span> <span class='ocrx_word' id='word_1_123' title='bbox 568 2670 706 2732; x_wconf 83' lang='lat' dir='ltr'><strong>mortale</strong></span> <span class='ocrx_word' id='word_1_124' title='bbox 729 2678 820 2740; x_wconf 93' lang='lat' dir='ltr'><strong>&lt;e&gt;</strong></span> <span class='ocrx_word' id='word_1_125' title='bbox 844 2667 971 2731; x_wconf 86' lang='lat' dir='ltr'><strong>eunetis</strong></span> <span class='ocrx_word' id='word_1_126' title='bbox 989 2667 1141 2745; x_wconf 91' lang='lat' dir='ltr'><strong>partibus</strong></span> <span class='ocrx_word' id='word_1_127' title='bbox 1160 2672 1252 2743; x_wconf 87' lang='lat' dir='ltr'><strong>esset,</strong></span> 
     </span>
     <span class='ocr_line' id='line_1_21' title="bbox 210 2764 1164 2856; baseline -0.005 -12"><span class='ocrx_word' id='word_1_128' title='bbox 210 2764 212 2768; x_wconf 30' lang='lat'><strong>¹</strong></span> <span class='ocrx_word' id='word_1_129' title='bbox 347 2801 387 2843; x_wconf 86' lang='lat' dir='ltr'><strong>ex</strong></span> <span class='ocrx_word' id='word_1_130' title='bbox 402 2780 505 2843; x_wconf 89' lang='lat' dir='ltr'><strong>oeulis</strong></span> <span class='ocrx_word' id='word_1_131' title='bbox 518 2800 570 2841; x_wconf 91' lang='lat' dir='ltr'><strong>res</strong></span> <span class='ocrx_word' id='word_1_132' title='bbox 586 2798 734 2856; x_wconf 90' lang='lat' dir='ltr'><strong>quaeque</strong></span> <span class='ocrx_word' id='word_1_133' title='bbox 749 2784 884 2855; x_wconf 88' lang='lat' dir='ltr'><strong>repente</strong></span> <span class='ocrx_word' id='word_1_134' title='bbox 900 2784 1015 2854; x_wconf 87' lang='lat' dir='ltr'><strong>erepta</strong></span> <span class='ocrx_word' id='word_1_135' title='bbox 1031 2777 1164 2854; x_wconf 88' lang='lat' dir='ltr'><strong>periret.</strong></span> 
     </span>
     <span class='ocr_line' id='line_1_22' title="bbox 346 2886 1146 2965; baseline -0.004 -14"><span class='ocrx_word' id='word_1_136' title='bbox 346 2890 440 2953; x_wconf 90' lang='lat' dir='ltr'><strong>nulla</strong></span> <span class='ocrx_word' id='word_1_137' title='bbox 454 2889 490 2952; x_wconf 92' lang='lat' dir='ltr'><strong>ui</strong></span> <span class='ocrx_word' id='word_1_138' title='bbox 506 2889 594 2952; x_wconf 83' lang='lat' dir='ltr'><strong>foret</strong></span> <span class='ocrx_word' id='word_1_139' title='bbox 609 2908 688 2951; x_wconf 89' lang='lat' dir='ltr'><strong>usus</strong></span> <span class='ocrx_word' id='word_1_140' title='bbox 705 2887 791 2951; x_wconf 93' lang='lat' dir='ltr'><strong>enim</strong></span> <span class='ocrx_word' id='word_1_141' title='bbox 807 2907 890 2965; x_wconf 88' lang='lat' dir='ltr'><strong>quae</strong></span> <span class='ocrx_word' id='word_1_142' title='bbox 907 2886 1059 2964; x_wconf 88' lang='lat' dir='ltr'><strong>partibus</strong></span> <span class='ocrx_word' id='word_1_143' title='bbox 1076 2886 1146 2950; x_wconf 89' lang='lat' dir='ltr'><strong>eius</strong></span> 
     </span>
     <span class='ocr_line' id='line_1_23' title="bbox 348 2996 1141 3075; baseline -0.005 -14"><span class='ocrx_word' id='word_1_144' title='bbox 348 2999 523 3062; x_wconf 83' lang='lat' dir='ltr'><strong>discidium</strong></span> <span class='ocrx_word' id='word_1_145' title='bbox 540 3018 656 3075; x_wconf 88' lang='lat' dir='ltr'><strong>parere</strong></span> <span class='ocrx_word' id='word_1_146' title='bbox 673 3003 705 3058; x_wconf 97' lang='grc'><strong>11</strong></span> <span class='ocrx_word' id='word_1_147' title='bbox 721 3017 824 3059; x_wconf 81' lang='lat' dir='ltr'><strong>nexus</strong></span> <span class='ocrx_word' id='word_1_148' title='bbox 840 2996 1006 3058; x_wconf 83' lang='lat' dir='ltr'><strong>exsoluere</strong></span> <span class='ocrx_word' id='word_1_149' title='bbox 1023 3002 1141 3073; x_wconf 89' lang='lat' dir='ltr'><strong>posset.</strong></span> 
     </span>
     <span class='ocr_line' id='line_1_24' title="bbox 348 3105 1274 3188; baseline -0.005 -17"><span class='ocrx_word' id='word_1_150' title='bbox 348 3109 436 3188; x_wconf 81' lang='lat' dir='ltr'><strong>quod</strong></span> <span class='ocrx_word' id='word_1_151' title='bbox 451 3128 550 3185; x_wconf 88' lang='lat' dir='ltr'><strong>nuno,</strong></span> <span class='ocrx_word' id='word_1_152' title='bbox 567 3114 700 3170; x_wconf 89' lang='lat' dir='ltr'><strong>aeterno</strong></span> <span class='ocrx_word' id='word_1_153' title='bbox 717 3107 795 3183; x_wconf 93' lang='lat' dir='ltr'><strong>quia</strong></span> <span class='ocrx_word' id='word_1_154' title='bbox 811 3112 963 3168; x_wconf 85' lang='grc'><strong>1111111111</strong></span> <span class='ocrx_word' id='word_1_155' title='bbox 979 3105 1100 3168; x_wconf 90' lang='lat' dir='ltr'><strong>semine</strong></span> <span class='ocrx_word' id='word_1_156' title='bbox 1117 3124 1274 3181; x_wconf 86' lang='lat' dir='ltr'><strong>quaeque,</strong></span> 
     </span>
     <span class='ocr_line' id='line_1_25' title="bbox 348 3214 1072 3294; baseline -0.006 -13"><span class='ocrx_word' id='word_1_157' title='bbox 348 3220 450 3281; x_wconf 84' lang='lat' dir='ltr'><strong>donee</strong></span> <span class='ocrx_word' id='word_1_158' title='bbox 465 3218 518 3281; x_wconf 88' lang='lat' dir='ltr'><strong>uis</strong></span> <span class='ocrx_word' id='word_1_159' title='bbox 534 3217 615 3281; x_wconf 89' lang='lat' dir='ltr'><strong>obiit</strong></span> <span class='ocrx_word' id='word_1_160' title='bbox 632 3236 715 3294; x_wconf 91' lang='lat' dir='ltr'><strong>quae</strong></span> <span class='ocrx_word' id='word_1_161' title='bbox 731 3236 784 3278; x_wconf 91' lang='lat' dir='ltr'><strong>res</strong></span> <span class='ocrx_word' id='word_1_162' title='bbox 799 3215 987 3277; x_wconf 90' lang='lat' dir='ltr'><strong>diuerberet</strong></span> <span class='ocrx_word' id='word_1_163' title='bbox 1004 3214 1072 3277; x_wconf 88' lang='lat' dir='ltr'><strong>iotu</strong></span> 
     </span>
     <span class='ocr_line' id='line_1_26' title="bbox 348 3324 1141 3405; baseline -0.009 -13"><span class='ocrx_word' id='word_1_164' title='bbox 348 3334 408 3392; x_wconf 87' lang='lat' dir='ltr'><strong>aut</strong></span> <span class='ocrx_word' id='word_1_165' title='bbox 423 3327 514 3391; x_wconf 90' lang='lat' dir='ltr'><strong>intus</strong></span> <span class='ocrx_word' id='word_1_166' title='bbox 531 3333 682 3405; x_wconf 86' lang='lat' dir='ltr'><strong>penetret</strong></span> <span class='ocrx_word' id='word_1_167' title='bbox 699 3346 759 3404; x_wconf 92' lang='lat' dir='ltr'><strong>per</strong></span> <span class='ocrx_word' id='word_1_168' title='bbox 776 3324 890 3387; x_wconf 89' lang='lat' dir='ltr'><strong>inania</strong></span> <span class='ocrx_word' id='word_1_169' title='bbox 907 3324 1141 3401; x_wconf 88' lang='lat' dir='ltr'><strong>dissoluatque,</strong></span> 
     </span>
     <span class='ocr_line' id='line_1_27' title="bbox 347 3433 1046 3513; baseline -0.007 -13"><span class='ocrx_word' id='word_1_170' title='bbox 347 3437 475 3501; x_wconf 88' lang='lat' dir='ltr'><strong>nullius</strong></span> <span class='ocrx_word' id='word_1_171' title='bbox 490 3436 628 3500; x_wconf 86' lang='lat' dir='ltr'><strong>exitium</strong></span> <span class='ocrx_word' id='word_1_172' title='bbox 644 3435 774 3513; x_wconf 87' lang='lat' dir='ltr'><strong>patitur</strong></span> <span class='ocrx_word' id='word_1_173' title='bbox 789 3441 911 3497; x_wconf 89' lang='lat' dir='ltr'><strong>natura</strong></span> <span class='ocrx_word' id='word_1_174' title='bbox 927 3433 1046 3496; x_wconf 91' lang='lat' dir='ltr'><strong>uideri.</strong></span> 
     </span>
     <span class='ocr_line' id='line_1_28' title="bbox 304 3548 1201 3626; baseline -0.007 -17"><span class='ocrx_word' id='word_1_175' title='bbox 304 3554 521 3626; x_wconf 86' lang='lat' dir='ltr'><strong>-praeterea</strong></span> <span class='ocrx_word' id='word_1_176' title='bbox 535 3564 758 3624; x_wconf 77' lang='lat' dir='ltr'><strong>quaecumque</strong></span> <span class='ocrx_word' id='word_1_177' title='bbox 774 3549 940 3606; x_wconf 87' lang='lat' dir='ltr'><strong>uetustate</strong></span> <span class='ocrx_word' id='word_1_178' title='bbox 956 3549 1085 3605; x_wconf 86' lang='lat' dir='ltr'><strong>amouet</strong></span> <span class='ocrx_word' id='word_1_179' title='bbox 1102 3548 1201 3618; x_wconf 87' lang='grc'><strong>11111,</strong></span> 
     </span>
     <span class='ocr_line' id='line_1_29' title="bbox 347 3651 1221 3735; baseline -0.009 -15"><span class='ocrx_word' id='word_1_180' title='bbox 347 3659 376 3720; x_wconf 89' lang='grc'><strong>11</strong></span> <span class='ocrx_word' id='word_1_181' title='bbox 391 3656 525 3735; x_wconf 89' lang='lat' dir='ltr'><strong>penitus</strong></span> <span class='ocrx_word' id='word_1_182' title='bbox 539 3654 679 3733; x_wconf 89' lang='lat' dir='ltr'><strong>peremit</strong></span> <span class='ocrx_word' id='word_1_183' title='bbox 693 3673 885 3716; x_wconf 89' lang='lat' dir='ltr'><strong>oonsumens</strong></span> <span class='ocrx_word' id='word_1_184' title='bbox 900 3651 1070 3715; x_wconf 87' lang='lat' dir='ltr'><strong>materiem</strong></span> <span class='ocrx_word' id='word_1_185' title='bbox 1085 3671 1221 3727; x_wconf 89' lang='lat' dir='ltr'><strong>omnem,</strong></span> 
     </span>
     <span class='ocr_line' id='line_1_30' title="bbox 347 3759 1203 3842; baseline -0.011 -12"><span class='ocrx_word' id='word_1_186' title='bbox 347 3768 437 3830; x_wconf 90' lang='lat' dir='ltr'><strong>unde</strong></span> <span class='ocrx_word' id='word_1_187' title='bbox 453 3765 593 3829; x_wconf 91' lang='lat' dir='ltr'><strong>animale</strong></span> <span class='ocrx_word' id='word_1_188' title='bbox 608 3784 711 3842; x_wconf 85' lang='lat' dir='ltr'><strong>genus</strong></span> <span class='ocrx_word' id='word_1_189' title='bbox 726 3762 908 3841; x_wconf 86' lang='lat' dir='ltr'><strong>generatim</strong></span> <span class='ocrx_word' id='word_1_190' title='bbox 922 3761 958 3823; x_wconf 93' lang='lat' dir='ltr'><strong>in</strong></span> <span class='ocrx_word' id='word_1_191' title='bbox 972 3760 1099 3823; x_wconf 85' lang='lat' dir='ltr'><strong>lumina</strong></span> <span class='ocrx_word' id='word_1_192' title='bbox 1112 3759 1203 3823; x_wconf 88' lang='lat' dir='ltr'><strong>uitae</strong></span> 
     </span>
     <span class='ocr_line' id='line_1_31' title="bbox 299 3869 1199 3950; baseline -0.008 -11"><span class='ocrx_word' id='word_1_193' title='bbox 299 3907 300 3910; x_wconf 38' lang='lat'>¹</span> <span class='ocrx_word' id='word_1_194' title='bbox 347 3875 503 3941; x_wconf 88' lang='lat' dir='ltr'><strong>redduoit</strong></span> <span class='ocrx_word' id='word_1_195' title='bbox 518 3875 641 3950; x_wconf 88' lang='lat' dir='ltr'><strong>Venus,</strong></span> <span class='ocrx_word' id='word_1_196' title='bbox 658 3880 716 3936; x_wconf 90' lang='lat' dir='ltr'><strong>aut</strong></span> <span class='ocrx_word' id='word_1_197' title='bbox 732 3873 930 3935; x_wconf 84' lang='lat' dir='ltr'><strong>redductum</strong></span> <span class='ocrx_word' id='word_1_198' title='bbox 946 3870 1086 3933; x_wconf 90' lang='lat' dir='ltr'><strong>daedala</strong></span> <span class='ocrx_word' id='word_1_199' title='bbox 1101 3869 1199 3933; x_wconf 89' lang='lat' dir='ltr'><strong>tellus</strong></span> 
     </span>
     <span class='ocr_line' id='line_1_32' title="bbox 348 3976 1288 4062; baseline -0.006 -12"><span class='ocrx_word' id='word_1_200' title='bbox 348 3987 437 4050; x_wconf 92' lang='lat' dir='ltr'><strong>unde</strong></span> <span class='ocrx_word' id='word_1_201' title='bbox 454 3985 514 4048; x_wconf 87' lang='lat' dir='ltr'><strong>alit</strong></span> <span class='ocrx_word' id='word_1_202' title='bbox 530 3992 629 4062; x_wconf 90' lang='lat' dir='ltr'><strong>atque</strong></span> <span class='ocrx_word' id='word_1_203' title='bbox 646 3988 745 4060; x_wconf 84' lang='lat' dir='ltr'><strong>suget</strong></span> <span class='ocrx_word' id='word_1_204' title='bbox 762 3980 943 4059; x_wconf 85' lang='lat' dir='ltr'><strong>generatim</strong></span> <span class='ocrx_word' id='word_1_205' title='bbox 960 3980 1083 4058; x_wconf 86' lang='lat' dir='ltr'><strong>pabula</strong></span> <span class='ocrx_word' id='word_1_206' title='bbox 1100 3976 1260 4058; x_wconf 83' lang='lat' dir='ltr'><strong>praebens</strong></span> <span class='ocrx_word' id='word_1_207' title='bbox 1269 3981 1288 4045; x_wconf 83' lang='grc'><strong>1.</strong></span> 
     </span>
    </p>
   </div>
   <div class='ocr_carea' id='block_1_5' title="bbox 360 4122 902 4274">
    <p class='ocr_par' dir='ltr' id='par_1_8' title="bbox 360 4122 902 4274">
     <span class='ocr_line' id='line_1_33' title="bbox 360 4122 617 4190; baseline -0.023 -11"><span class='ocrx_word' id='word_1_208' title='bbox 360 4125 495 4188; x_wconf 69' lang='grc'><strong>10711111.</strong></span> <span class='ocrx_word' id='word_1_209' title='bbox 510 4122 617 4190; x_wconf 86' lang='lat' dir='ltr'><strong>possint</strong></span> 
     </span>
     <span class='ocr_line' id='line_1_34' title="bbox 861 4222 902 4274; baseline -0.024 0"><span class='ocrx_word' id='word_1_210' title='bbox 861 4222 902 4274; x_wconf 82' lang='lat'><strong>[8]</strong></span> 
     </span>
    </p>
   </div>
   <div class='ocr_carea' id='block_1_6' title="bbox 0 0 1637 4684">
    <p class='ocr_par' dir='ltr' id='par_1_9' title="bbox 0 0 1637 4684">
     <span class='ocr_line' id='line_1_35' title="bbox 0 0 1637 4684; baseline 0 0"><span class='ocrx_word' id='word_1_211' title='bbox 0 0 1637 4684; x_wconf 95' lang='lat' dir='ltr'><strong> </strong></span> 
     </span>
    </p>
   </div>
  </div>
 </body>
</html>
