<?xml version="1.0" encoding="UTF-8"?>
<!DOCTYPE html PUBLIC "-//W3C//DTD XHTML 1.0 Transitional//EN"
    "http://www.w3.org/TR/xhtml1/DTD/xhtml1-transitional.dtd">
<html xmlns="http://www.w3.org/1999/xhtml" xml:lang="en" lang="en">
 <head>
  <title>
</title>
<meta http-equiv="Content-Type" content="text/html;charset=utf-8" />
  <meta name='ocr-system' content='tesseract 3.04.00' />
  <meta name='ocr-capabilities' content='ocr_page ocr_carea ocr_par ocr_line ocrx_word'/>
</head>
<body>
  <div class='ocr_page' id='page_1' title='image "./lvcretiderervmn00merrgoog_0157.png"; bbox 0 0 3190 4682; ppageno 0'>
   <div class='ocr_carea' id='block_1_1' title="bbox 668 416 1105 466">
    <p class='ocr_par' dir='ltr' id='par_1_1' title="bbox 668 416 1105 466">
     <span class='ocr_line' id='line_1_1' title="bbox 668 416 1105 466; baseline -0.002 0"><span class='ocrx_word' id='word_1_1' title='bbox 668 417 719 466; x_wconf 84' lang='lat' dir='ltr'>DE</span> <span class='ocrx_word' id='word_1_2' title='bbox 738 417 870 466; x_wconf 80' lang='lat' dir='ltr'><em>RERVM</em></span> <span class='ocrx_word' id='word_1_3' title='bbox 888 417 1042 466; x_wconf 80' lang='lat' dir='ltr'><em>NATVRA</em></span> <span class='ocrx_word' id='word_1_4' title='bbox 1063 416 1105 466; x_wconf 86' lang='lat' dir='ltr'>IV</span> 
     </span>
    </p>
   </div>
   <div class='ocr_carea' id='block_1_2' title="bbox 331 630 1324 3450">
    <p class='ocr_par' dir='ltr' id='par_1_2' title="bbox 331 630 1324 3450">
     <span class='ocr_line' id='line_1_2' title="bbox 376 630 1263 709; baseline 0 -16"><span class='ocrx_word' id='word_1_5' title='bbox 376 651 459 708; x_wconf 92' lang='lat' dir='ltr'>quae</span> <span class='ocrx_word' id='word_1_6' title='bbox 474 631 615 694; x_wconf 86' lang='lat' dir='ltr'>ueniunt</span> <span class='ocrx_word' id='word_1_7' title='bbox 629 631 767 694; x_wconf 90' lang='lat' dir='ltr'>ueniant</span> <span class='ocrx_word' id='word_1_8' title='bbox 782 631 818 693; x_wconf 92' lang='lat' dir='ltr'>in</span> <span class='ocrx_word' id='word_1_9' title='bbox 833 639 974 695; x_wconf 89' lang='lat' dir='ltr'>mentem</span> <span class='ocrx_word' id='word_1_10' title='bbox 991 631 1123 709; x_wconf 76' lang='lat' dir='ltr'>percipe</span> <span class='ocrx_word' id='word_1_11' title='bbox 1139 630 1263 709; x_wconf 86' lang='lat' dir='ltr'>paucis.</span> 
     </span>
     <span class='ocr_line' id='line_1_3' title="bbox 376 740 1178 819; baseline 0.001 -19"><span class='ocrx_word' id='word_1_12' title='bbox 376 740 546 818; x_wconf 90' lang='lat' dir='ltr'>Principio</span> <span class='ocrx_word' id='word_1_13' title='bbox 562 741 622 803; x_wconf 93' lang='lat' dir='ltr'>hoc</span> <span class='ocrx_word' id='word_1_14' title='bbox 641 741 722 817; x_wconf 87' lang='lat' dir='ltr'>dico,</span> <span class='ocrx_word' id='word_1_15' title='bbox 740 761 851 804; x_wconf 86' lang='lat' dir='ltr'>rerum</span> <span class='ocrx_word' id='word_1_16' title='bbox 868 740 1045 804; x_wconf 90' lang='lat' dir='ltr'>simulacra</span> <span class='ocrx_word' id='word_1_17' title='bbox 1060 741 1178 819; x_wconf 83' lang='lat' dir='ltr'>uagari</span> 
     </span>
     <span class='ocr_line' id='line_1_4' title="bbox 348 830 1220 927; baseline -0.001 -16"><span class='ocrx_word' id='word_1_18' title='bbox 348 830 357 847; x_wconf 28' lang='lat' dir='ltr'>x</span> <span class='ocrx_word' id='word_1_19' title='bbox 374 851 481 913; x_wconf 86' lang='lat' dir='ltr'>multa</span> <span class='ocrx_word' id='word_1_20' title='bbox 496 850 602 912; x_wconf 91' lang='lat' dir='ltr'>modis</span> <span class='ocrx_word' id='word_1_21' title='bbox 616 850 730 913; x_wconf 87' lang='lat' dir='ltr'>multis</span> <span class='ocrx_word' id='word_1_22' title='bbox 746 850 781 911; x_wconf 91' lang='lat' dir='ltr'>in</span> <span class='ocrx_word' id='word_1_23' title='bbox 797 857 932 913; x_wconf 84' lang='lat' dir='ltr'>cunctas</span> <span class='ocrx_word' id='word_1_24' title='bbox 948 850 1096 927; x_wconf 91' lang='lat' dir='ltr'>undique</span> <span class='ocrx_word' id='word_1_25' title='bbox 1113 849 1220 927; x_wconf 90' lang='lat' dir='ltr'>partis</span> 
     </span>
     <span class='ocr_line' id='line_1_5' title="bbox 374 959 1237 1037; baseline -0.003 -15"><span class='ocrx_word' id='word_1_26' title='bbox 374 959 498 1035; x_wconf 89' lang='lat' dir='ltr'>tenuia,</span> <span class='ocrx_word' id='word_1_27' title='bbox 516 981 598 1037; x_wconf 92' lang='lat' dir='ltr'>quae</span> <span class='ocrx_word' id='word_1_28' title='bbox 615 959 713 1022; x_wconf 84' lang='lat' dir='ltr'>facile</span> <span class='ocrx_word' id='word_1_29' title='bbox 730 960 817 1021; x_wconf 91' lang='lat' dir='ltr'>inter</span> <span class='ocrx_word' id='word_1_30' title='bbox 833 979 866 1021; x_wconf 88' lang='lat' dir='ltr'>se</span> <span class='ocrx_word' id='word_1_31' title='bbox 883 960 1070 1036; x_wconf 85' lang='lat' dir='ltr'>iunguntur</span> <span class='ocrx_word' id='word_1_32' title='bbox 1086 959 1121 1020; x_wconf 92' lang='lat' dir='ltr'>in</span> <span class='ocrx_word' id='word_1_33' title='bbox 1138 959 1237 1034; x_wconf 85' lang='lat' dir='ltr'>auris,</span> 
     </span>
     <span class='ocr_line' id='line_1_6' title="bbox 376 1068 1235 1146; baseline -0.003 -14"><span class='ocrx_word' id='word_1_34' title='bbox 376 1069 473 1132; x_wconf 91' lang='lat' dir='ltr'>obuia</span> <span class='ocrx_word' id='word_1_35' title='bbox 490 1090 564 1132; x_wconf 91' lang='lat' dir='ltr'>cum</span> <span class='ocrx_word' id='word_1_36' title='bbox 580 1069 731 1145; x_wconf 84' lang='lat' dir='ltr'>ueniunt,</span> <span class='ocrx_word' id='word_1_37' title='bbox 748 1077 786 1132; x_wconf 90' lang='lat' dir='ltr'>ut</span> <span class='ocrx_word' id='word_1_38' title='bbox 803 1090 924 1132; x_wconf 89' lang='lat' dir='ltr'>aranea</span> <span class='ocrx_word' id='word_1_39' title='bbox 940 1071 1135 1146; x_wconf 81' lang='lat' dir='ltr'>bratteaque</span> <span class='ocrx_word' id='word_1_40' title='bbox 1152 1068 1235 1131; x_wconf 90' lang='lat' dir='ltr'>auri.</span> 
     </span>
     <span class='ocr_line' id='line_1_7' title="bbox 331 1178 1294 1257; baseline -0.003 -15"><span class='ocrx_word' id='word_1_41' title='bbox 331 1179 498 1257; x_wconf 85' lang='lat' dir='ltr'>—quippe</span> <span class='ocrx_word' id='word_1_42' title='bbox 514 1179 634 1241; x_wconf 87' lang='lat' dir='ltr'>etenim</span> <span class='ocrx_word' id='word_1_43' title='bbox 649 1180 755 1242; x_wconf 92' lang='lat' dir='ltr'>multo</span> <span class='ocrx_word' id='word_1_44' title='bbox 768 1179 872 1257; x_wconf 84' lang='lat' dir='ltr'>magis</span> <span class='ocrx_word' id='word_1_45' title='bbox 887 1180 967 1241; x_wconf 87' lang='lat' dir='ltr'>haec</span> <span class='ocrx_word' id='word_1_46' title='bbox 982 1186 1059 1241; x_wconf 86' lang='lat' dir='ltr'>sunt</span> <span class='ocrx_word' id='word_1_47' title='bbox 1075 1178 1189 1241; x_wconf 85' lang='lat' dir='ltr'>tenuia</span> <span class='ocrx_word' id='word_1_48' title='bbox 1203 1183 1294 1241; x_wconf 84' lang='lat' dir='ltr'>textu</span> 
     </span>
     <span class='ocr_line' id='line_1_8' title="bbox 375 1288 1288 1366; baseline -0.004 -14"><span class='ocrx_word' id='word_1_49' title='bbox 375 1309 473 1366; x_wconf 90' lang='lat' dir='ltr'>quam</span> <span class='ocrx_word' id='word_1_50' title='bbox 491 1310 575 1366; x_wconf 92' lang='lat' dir='ltr'>quae</span> <span class='ocrx_word' id='word_1_51' title='bbox 592 1288 783 1366; x_wconf 87' lang='lat' dir='ltr'>percipiunt</span> <span class='ocrx_word' id='word_1_52' title='bbox 801 1289 910 1351; x_wconf 89' lang='lat' dir='ltr'>oculos</span> <span class='ocrx_word' id='word_1_53' title='bbox 926 1288 1100 1365; x_wconf 89' lang='lat' dir='ltr'>uisumque</span> <span class='ocrx_word' id='word_1_54' title='bbox 1117 1289 1288 1362; x_wconf 84' lang='lat' dir='ltr'>lacessunt,</span> 
     </span>
     <span class='ocr_line' id='line_1_9' title="bbox 375 1397 1311 1477; baseline -0.006 -16"><span class='ocrx_word' id='word_1_55' title='bbox 375 1398 521 1477; x_wconf 90' lang='lat' dir='ltr'>corporis</span> <span class='ocrx_word' id='word_1_56' title='bbox 536 1399 616 1461; x_wconf 91' lang='lat' dir='ltr'>haec</span> <span class='ocrx_word' id='word_1_57' title='bbox 632 1397 787 1475; x_wconf 89' lang='lat' dir='ltr'>quoniam</span> <span class='ocrx_word' id='word_1_58' title='bbox 803 1404 981 1476; x_wconf 86' lang='lat' dir='ltr'>penetrant</span> <span class='ocrx_word' id='word_1_59' title='bbox 997 1417 1057 1475; x_wconf 91' lang='lat' dir='ltr'>per</span> <span class='ocrx_word' id='word_1_60' title='bbox 1072 1418 1150 1460; x_wconf 89' lang='lat' dir='ltr'>rara</span> <span class='ocrx_word' id='word_1_61' title='bbox 1166 1397 1311 1473; x_wconf 78' lang='lat' dir='ltr'>cientque</span> 
     </span>
     <span class='ocr_line' id='line_1_10' title="bbox 374 1507 1307 1583; baseline -0.008 -12"><span class='ocrx_word' id='word_1_62' title='bbox 374 1516 506 1571; x_wconf 88' lang='lat' dir='ltr'>tenuem</span> <span class='ocrx_word' id='word_1_63' title='bbox 524 1508 626 1571; x_wconf 89' lang='lat' dir='ltr'>animi</span> <span class='ocrx_word' id='word_1_64' title='bbox 643 1515 799 1571; x_wconf 86' lang='lat' dir='ltr'>naturam</span> <span class='ocrx_word' id='word_1_65' title='bbox 816 1507 908 1570; x_wconf 87' lang='lat' dir='ltr'>intus</span> <span class='ocrx_word' id='word_1_66' title='bbox 925 1527 1120 1583; x_wconf 85' lang='lat' dir='ltr'>sensumque</span> <span class='ocrx_word' id='word_1_67' title='bbox 1138 1508 1307 1569; x_wconf 90' lang='lat' dir='ltr'>lacessunt.</span> 
     </span>
     <span class='ocr_line' id='line_1_11' title="bbox 331 1617 1271 1694; baseline -0.002 -13"><span class='ocrx_word' id='word_1_68' title='bbox 331 1619 559 1681; x_wconf 83' lang='lat' dir='ltr'>—Centauros</span> <span class='ocrx_word' id='word_1_69' title='bbox 576 1618 687 1694; x_wconf 87' lang='lat' dir='ltr'>itaque</span> <span class='ocrx_word' id='word_1_70' title='bbox 705 1624 737 1679; x_wconf 86' lang='lat' dir='ltr'>et</span> <span class='ocrx_word' id='word_1_71' title='bbox 756 1617 942 1692; x_wconf 82' lang='lat' dir='ltr'>Scyllarum</span> <span class='ocrx_word' id='word_1_72' title='bbox 960 1618 1104 1679; x_wconf 91' lang='lat' dir='ltr'>membra</span> <span class='ocrx_word' id='word_1_73' title='bbox 1120 1617 1271 1680; x_wconf 88' lang='lat' dir='ltr'>uidemus</span> 
     </span>
     <span class='ocr_line' id='line_1_12' title="bbox 376 1727 1260 1804; baseline -0.003 -13"><span class='ocrx_word' id='word_1_74' title='bbox 376 1729 616 1804; x_wconf 85' lang='lat' dir='ltr'>Cerbereasque</span> <span class='ocrx_word' id='word_1_75' title='bbox 634 1747 752 1790; x_wconf 91' lang='lat' dir='ltr'>canum</span> <span class='ocrx_word' id='word_1_76' title='bbox 770 1727 874 1790; x_wconf 81' lang='lat' dir='ltr'>facies</span> <span class='ocrx_word' id='word_1_77' title='bbox 890 1727 1130 1803; x_wconf 89' lang='lat' dir='ltr'>simulacraque</span> <span class='ocrx_word' id='word_1_78' title='bbox 1148 1746 1260 1789; x_wconf 91' lang='lat' dir='ltr'>eorum</span> 
     </span>
     <span class='ocr_line' id='line_1_13' title="bbox 375 1837 1198 1915; baseline -0.001 -15"><span class='ocrx_word' id='word_1_79' title='bbox 375 1858 514 1915; x_wconf 92' lang='lat' dir='ltr'>quorum</span> <span class='ocrx_word' id='word_1_80' title='bbox 532 1843 637 1900; x_wconf 87' lang='lat' dir='ltr'>morte</span> <span class='ocrx_word' id='word_1_81' title='bbox 656 1837 744 1900; x_wconf 87' lang='lat' dir='ltr'>obita</span> <span class='ocrx_word' id='word_1_82' title='bbox 762 1838 861 1900; x_wconf 90' lang='lat' dir='ltr'>tellus</span> <span class='ocrx_word' id='word_1_83' title='bbox 879 1837 1091 1915; x_wconf 87' lang='lat' dir='ltr'>amplectitur</span> <span class='ocrx_word' id='word_1_84' title='bbox 1110 1856 1198 1913; x_wconf 82' lang='lat' dir='ltr'>ossa3</span> 
     </span>
     <span class='ocr_line' id='line_1_14' title="bbox 374 1946 1260 2025; baseline -0.002 -16"><span class='ocrx_word' id='word_1_85' title='bbox 374 1948 567 2025; x_wconf 83' lang='lat' dir='ltr'>omnigenus</span> <span class='ocrx_word' id='word_1_86' title='bbox 585 1948 740 2024; x_wconf 91' lang='lat' dir='ltr'>quoniam</span> <span class='ocrx_word' id='word_1_87' title='bbox 759 1948 880 2025; x_wconf 87' lang='lat' dir='ltr'>passim</span> <span class='ocrx_word' id='word_1_88' title='bbox 899 1948 1075 2010; x_wconf 90' lang='lat' dir='ltr'>simulacra</span> <span class='ocrx_word' id='word_1_89' title='bbox 1093 1946 1260 2023; x_wconf 86' lang='lat' dir='ltr'>feruntur,</span> 
     </span>
     <span class='ocr_line' id='line_1_15' title="bbox 375 2056 1152 2135; baseline -0.003 -16"><span class='ocrx_word' id='word_1_90' title='bbox 375 2057 498 2135; x_wconf 88' lang='lat' dir='ltr'>partim</span> <span class='ocrx_word' id='word_1_91' title='bbox 515 2064 631 2134; x_wconf 87' lang='lat' dir='ltr'>sponte</span> <span class='ocrx_word' id='word_1_92' title='bbox 648 2078 708 2120; x_wconf 87' lang='lat' dir='ltr'>sua</span> <span class='ocrx_word' id='word_1_93' title='bbox 725 2077 808 2134; x_wconf 94' lang='lat' dir='ltr'>quae</span> <span class='ocrx_word' id='word_1_94' title='bbox 824 2056 910 2120; x_wconf 90' lang='lat' dir='ltr'>fiunt</span> <span class='ocrx_word' id='word_1_95' title='bbox 927 2077 1000 2120; x_wconf 89' lang='lat' dir='ltr'>aere</span> <span class='ocrx_word' id='word_1_96' title='bbox 1018 2057 1053 2117; x_wconf 91' lang='lat' dir='ltr'>in</span> <span class='ocrx_word' id='word_1_97' title='bbox 1071 2057 1152 2135; x_wconf 85' lang='lat' dir='ltr'>ipso,</span> 
     </span>
     <span class='ocr_line' id='line_1_16' title="bbox 374 2167 1213 2244; baseline -0.002 -15"><span class='ocrx_word' id='word_1_98' title='bbox 374 2167 498 2244; x_wconf 85' lang='lat' dir='ltr'>partim</span> <span class='ocrx_word' id='word_1_99' title='bbox 514 2188 597 2244; x_wconf 91' lang='lat' dir='ltr'>quae</span> <span class='ocrx_word' id='word_1_100' title='bbox 612 2167 716 2229; x_wconf 90' lang='lat' dir='ltr'>uariis</span> <span class='ocrx_word' id='word_1_101' title='bbox 731 2169 772 2229; x_wconf 90' lang='lat' dir='ltr'>ab</span> <span class='ocrx_word' id='word_1_102' title='bbox 788 2168 885 2229; x_wconf 89' lang='lat' dir='ltr'>rebus</span> <span class='ocrx_word' id='word_1_103' title='bbox 900 2187 1038 2243; x_wconf 92' lang='lat' dir='ltr'>cumque</span> <span class='ocrx_word' id='word_1_104' title='bbox 1055 2168 1213 2228; x_wconf 86' lang='lat' dir='ltr'>recedunt</span> 
     </span>
     <span class='ocr_line' id='line_1_17' title="bbox 375 2276 1113 2353; baseline 0 -15"><span class='ocrx_word' id='word_1_105' title='bbox 375 2283 407 2338; x_wconf 91' lang='lat' dir='ltr'>et</span> <span class='ocrx_word' id='word_1_106' title='bbox 424 2297 507 2353; x_wconf 93' lang='lat' dir='ltr'>quae</span> <span class='ocrx_word' id='word_1_107' title='bbox 525 2277 672 2339; x_wconf 90' lang='lat' dir='ltr'>confiunt</span> <span class='ocrx_word' id='word_1_108' title='bbox 689 2297 728 2338; x_wconf 88' lang='lat' dir='ltr'>ex</span> <span class='ocrx_word' id='word_1_109' title='bbox 744 2278 862 2339; x_wconf 91' lang='lat' dir='ltr'>horum</span> <span class='ocrx_word' id='word_1_110' title='bbox 880 2276 971 2339; x_wconf 84' lang='lat' dir='ltr'>facta</span> <span class='ocrx_word' id='word_1_111' title='bbox 987 2276 1113 2353; x_wconf 76' lang='lat' dir='ltr'>figuris,</span> 
     </span>
     <span class='ocr_line' id='line_1_18' title="bbox 374 2386 1156 2463; baseline 0 -16"><span class='ocrx_word' id='word_1_112' title='bbox 374 2406 451 2449; x_wconf 79' lang='lat' dir='ltr'>cam</span> <span class='ocrx_word' id='word_1_113' title='bbox 468 2393 555 2448; x_wconf 88' lang='lat' dir='ltr'>certe</span> <span class='ocrx_word' id='word_1_114' title='bbox 572 2407 611 2447; x_wconf 86' lang='lat' dir='ltr'>ex</span> <span class='ocrx_word' id='word_1_115' title='bbox 627 2387 708 2449; x_wconf 94' lang='lat' dir='ltr'>uiuo</span> <span class='ocrx_word' id='word_1_116' title='bbox 725 2386 884 2449; x_wconf 86' lang='lat' dir='ltr'>Centauri</span> <span class='ocrx_word' id='word_1_117' title='bbox 900 2406 967 2447; x_wconf 92' lang='lat' dir='ltr'>non</span> <span class='ocrx_word' id='word_1_118' title='bbox 984 2386 1021 2448; x_wconf 90' lang='lat' dir='ltr'>fit</span> <span class='ocrx_word' id='word_1_119' title='bbox 1038 2386 1156 2463; x_wconf 83' lang='lat' dir='ltr'>imago,</span> 
     </span>
     <span class='ocr_line' id='line_1_19' title="bbox 374 2495 1216 2573; baseline 0 -16"><span class='ocrx_word' id='word_1_120' title='bbox 374 2497 467 2558; x_wconf 91' lang='lat' dir='ltr'>nulla</span> <span class='ocrx_word' id='word_1_121' title='bbox 483 2495 550 2559; x_wconf 82' lang='lat' dir='ltr'>fuit</span> <span class='ocrx_word' id='word_1_122' title='bbox 567 2497 721 2573; x_wconf 90' lang='lat' dir='ltr'>quoniam</span> <span class='ocrx_word' id='word_1_123' title='bbox 738 2497 815 2558; x_wconf 86' lang='lat' dir='ltr'>talis</span> <span class='ocrx_word' id='word_1_124' title='bbox 830 2502 952 2558; x_wconf 87' lang='lat' dir='ltr'>natura</span> <span class='ocrx_word' id='word_1_125' title='bbox 969 2496 1216 2570; x_wconf 80' lang='lat' dir='ltr'>anima&lt;ta&gt;3</span> 
     </span>
     <span class='ocr_line' id='line_1_20' title="bbox 373 2604 1324 2683; baseline -0.003 -15"><span class='ocrx_word' id='word_1_126' title='bbox 373 2627 490 2669; x_wconf 89' lang='lat' dir='ltr'>uerum</span> <span class='ocrx_word' id='word_1_127' title='bbox 506 2605 564 2668; x_wconf 93' lang='lat' dir='ltr'>ubi</span> <span class='ocrx_word' id='word_1_128' title='bbox 580 2606 655 2682; x_wconf 92' lang='lat' dir='ltr'>equi</span> <span class='ocrx_word' id='word_1_129' title='bbox 672 2613 770 2683; x_wconf 87' lang='lat' dir='ltr'>atque</span> <span class='ocrx_word' id='word_1_130' title='bbox 786 2605 927 2667; x_wconf 86' lang='lat' dir='ltr'>hominis</span> <span class='ocrx_word' id='word_1_131' title='bbox 944 2625 1021 2667; x_wconf 87' lang='lat' dir='ltr'>casu</span> <span class='ocrx_word' id='word_1_132' title='bbox 1038 2605 1192 2667; x_wconf 91' lang='lat' dir='ltr'>conuenit</span> <span class='ocrx_word' id='word_1_133' title='bbox 1209 2604 1324 2682; x_wconf 83' lang='lat' dir='ltr'>imago,</span> 
     </span>
     <span class='ocr_line' id='line_1_21' title="bbox 372 2714 1208 2793; baseline 0.001 -17"><span class='ocrx_word' id='word_1_134' title='bbox 372 2715 533 2778; x_wconf 86' lang='lat' dir='ltr'>haerescit</span> <span class='ocrx_word' id='word_1_135' title='bbox 551 2715 649 2778; x_wconf 83' lang='lat' dir='ltr'>facile</span> <span class='ocrx_word' id='word_1_136' title='bbox 667 2716 838 2793; x_wconf 87' lang='lat' dir='ltr'>extemplo,</span> <span class='ocrx_word' id='word_1_137' title='bbox 857 2715 945 2792; x_wconf 90' lang='lat' dir='ltr'>quod</span> <span class='ocrx_word' id='word_1_138' title='bbox 962 2714 1106 2777; x_wconf 84' lang='lat' dir='ltr'>diximus</span> <span class='ocrx_word' id='word_1_139' title='bbox 1123 2721 1208 2790; x_wconf 83' lang='lat' dir='ltr'>ante,</span> 
     </span>
     <span class='ocr_line' id='line_1_22' title="bbox 374 2804 1148 2903; baseline -0.003 -16"><span class='ocrx_word' id='word_1_140' title='bbox 374 2832 511 2903; x_wconf 87' lang='lat' dir='ltr'>propter</span> <span class='ocrx_word' id='word_1_141' title='bbox 527 2826 680 2888; x_wconf 86' lang='lat' dir='ltr'>subtilem</span> <span class='ocrx_word' id='word_1_142' title='bbox 696 2804 852 2887; x_wconf 87' lang='lat' dir='ltr'>naturam</span> <span class='ocrx_word' id='word_1_143' title='bbox 869 2833 901 2887; x_wconf 96' lang='lat' dir='ltr'>et</span> <span class='ocrx_word' id='word_1_144' title='bbox 917 2824 1032 2887; x_wconf 89' lang='lat' dir='ltr'>tenuia</span> <span class='ocrx_word' id='word_1_145' title='bbox 1048 2830 1148 2887; x_wconf 85' lang='lat' dir='ltr'>texta.</span> 
     </span>
     <span class='ocr_line' id='line_1_23' title="bbox 331 2933 1208 3012; baseline -0.002 -15"><span class='ocrx_word' id='word_1_146' title='bbox 331 2942 482 2997; x_wconf 85' lang='lat' dir='ltr'>-cetera</span> <span class='ocrx_word' id='word_1_147' title='bbox 499 2935 539 2998; x_wconf 89' lang='lat' dir='ltr'>de</span> <span class='ocrx_word' id='word_1_148' title='bbox 556 2955 673 3012; x_wconf 83' lang='lat' dir='ltr'>genere</span> <span class='ocrx_word' id='word_1_149' title='bbox 690 2936 750 2997; x_wconf 94' lang='lat' dir='ltr'>hoc</span> <span class='ocrx_word' id='word_1_150' title='bbox 768 2936 880 2997; x_wconf 87' lang='lat' dir='ltr'>eadem</span> <span class='ocrx_word' id='word_1_151' title='bbox 897 2933 1025 2996; x_wconf 87' lang='lat' dir='ltr'>ratione</span> <span class='ocrx_word' id='word_1_152' title='bbox 1043 2941 1208 2996; x_wconf 90' lang='lat' dir='ltr'>creantur.</span> 
     </span>
     <span class='ocr_line' id='line_1_24' title="bbox 375 3042 1206 3122; baseline -0.004 -15"><span class='ocrx_word' id='word_1_153' title='bbox 375 3065 458 3122; x_wconf 87' lang='lat' dir='ltr'>quae</span> <span class='ocrx_word' id='word_1_154' title='bbox 474 3065 548 3107; x_wconf 93' lang='lat' dir='ltr'>cum</span> <span class='ocrx_word' id='word_1_155' title='bbox 563 3043 727 3106; x_wconf 91' lang='lat' dir='ltr'>mobiliter</span> <span class='ocrx_word' id='word_1_156' title='bbox 744 3063 870 3106; x_wconf 93' lang='lat' dir='ltr'>summa</span> <span class='ocrx_word' id='word_1_157' title='bbox 886 3043 1022 3105; x_wconf 88' lang='lat' dir='ltr'>leuitate</span> <span class='ocrx_word' id='word_1_158' title='bbox 1038 3042 1206 3120; x_wconf 80' lang='lat' dir='ltr'>feruntur,</span> 
     </span>
     <span class='ocr_line' id='line_1_25' title="bbox 374 3152 1159 3232; baseline -0.004 -15"><span class='ocrx_word' id='word_1_159' title='bbox 374 3162 411 3217; x_wconf 86' lang='lat' dir='ltr'>ut</span> <span class='ocrx_word' id='word_1_160' title='bbox 429 3154 523 3232; x_wconf 88' lang='lat' dir='ltr'>prius</span> <span class='ocrx_word' id='word_1_161' title='bbox 540 3153 677 3229; x_wconf 88' lang='lat' dir='ltr'>ostendi,</span> <span class='ocrx_word' id='word_1_162' title='bbox 694 3152 792 3215; x_wconf 81' lang='lat' dir='ltr'>facile</span> <span class='ocrx_word' id='word_1_163' title='bbox 809 3173 876 3215; x_wconf 92' lang='lat' dir='ltr'>uno</span> <span class='ocrx_word' id='word_1_164' title='bbox 893 3159 1073 3214; x_wconf 85' lang='lat' dir='ltr'>commouet</span> <span class='ocrx_word' id='word_1_165' title='bbox 1090 3152 1159 3214; x_wconf 87' lang='lat' dir='ltr'>ictu</span> 
     </span>
     <span class='ocr_line' id='line_1_26' title="bbox 374 3261 1181 3341; baseline -0.004 -14"><span class='ocrx_word' id='word_1_166' title='bbox 374 3263 538 3341; x_wconf 86' lang='lat' dir='ltr'>quaelibet</span> <span class='ocrx_word' id='word_1_167' title='bbox 554 3284 622 3326; x_wconf 90' lang='lat' dir='ltr'>una</span> <span class='ocrx_word' id='word_1_168' title='bbox 637 3262 784 3325; x_wconf 90' lang='lat' dir='ltr'>animum</span> <span class='ocrx_word' id='word_1_169' title='bbox 800 3261 894 3325; x_wconf 89' lang='lat' dir='ltr'>nobis</span> <span class='ocrx_word' id='word_1_170' title='bbox 909 3261 1042 3339; x_wconf 92' lang='lat' dir='ltr'>suptilis</span> <span class='ocrx_word' id='word_1_171' title='bbox 1056 3261 1181 3339; x_wconf 83' lang='lat' dir='ltr'>imago;</span> 
     </span>
     <span class='ocr_line' id='line_1_27' title="bbox 359 3371 1169 3450; baseline -0.005 -14"><span class='ocrx_word' id='word_1_172' title='bbox 359 3373 485 3450; x_wconf 90' lang='lat' dir='ltr'>(tenuis</span> <span class='ocrx_word' id='word_1_173' title='bbox 501 3372 587 3434; x_wconf 88' lang='lat' dir='ltr'>enim</span> <span class='ocrx_word' id='word_1_174' title='bbox 602 3392 693 3435; x_wconf 86' lang='lat' dir='ltr'>mens</span> <span class='ocrx_word' id='word_1_175' title='bbox 710 3378 758 3434; x_wconf 89' lang='lat' dir='ltr'>est</span> <span class='ocrx_word' id='word_1_176' title='bbox 774 3378 806 3434; x_wconf 89' lang='lat' dir='ltr'>et</span> <span class='ocrx_word' id='word_1_177' title='bbox 822 3371 904 3432; x_wconf 89' lang='lat' dir='ltr'>mire</span> <span class='ocrx_word' id='word_1_178' title='bbox 920 3371 1049 3434; x_wconf 87' lang='lat' dir='ltr'>mobilis</span> <span class='ocrx_word' id='word_1_179' title='bbox 1065 3371 1169 3449; x_wconf 90' lang='lat' dir='ltr'>ipsa).</span> 
     </span>
    </p>
   </div>
   <div class='ocr_carea' id='block_1_3' title="bbox 374 3648 1379 3950">
    <p class='ocr_par' dir='ltr' id='par_1_3' title="bbox 374 3648 1379 3950">
     <span class='ocr_line' id='line_1_28' title="bbox 437 3648 1379 3730; baseline -0.005 -17"><span class='ocrx_word' id='word_1_180' title='bbox 437 3653 528 3715; x_wconf 88' lang='lat' dir='ltr'>Haec</span> <span class='ocrx_word' id='word_1_181' title='bbox 544 3652 616 3715; x_wconf 86' lang='lat' dir='ltr'>fieri</span> <span class='ocrx_word' id='word_1_182' title='bbox 631 3658 669 3714; x_wconf 93' lang='lat' dir='ltr'>ut</span> <span class='ocrx_word' id='word_1_183' title='bbox 686 3672 836 3727; x_wconf 87' lang='lat' dir='ltr'>memoro,</span> <span class='ocrx_word' id='word_1_184' title='bbox 854 3651 953 3714; x_wconf 82' lang='lat' dir='ltr'>facile</span> <span class='ocrx_word' id='word_1_185' title='bbox 968 3650 1046 3713; x_wconf 91' lang='lat' dir='ltr'>binc</span> <span class='ocrx_word' id='word_1_186' title='bbox 1062 3670 1253 3728; x_wconf 83' lang='lat' dir='ltr'>cognoscere</span> <span class='ocrx_word' id='word_1_187' title='bbox 1270 3648 1379 3730; x_wconf 85' lang='lat' dir='ltr'>possis.</span> 
     </span>
     <span class='ocr_line' id='line_1_29' title="bbox 374 3759 1269 3840; baseline -0.002 -15"><span class='ocrx_word' id='word_1_188' title='bbox 374 3770 537 3840; x_wconf 90' lang='lat' dir='ltr'>quatenus</span> <span class='ocrx_word' id='word_1_189' title='bbox 552 3762 612 3824; x_wconf 88' lang='lat' dir='ltr'>hoo</span> <span class='ocrx_word' id='word_1_190' title='bbox 629 3761 733 3824; x_wconf 89' lang='lat' dir='ltr'>simile</span> <span class='ocrx_word' id='word_1_191' title='bbox 748 3769 796 3823; x_wconf 84' lang='lat' dir='ltr'>est</span> <span class='ocrx_word' id='word_1_192' title='bbox 814 3760 873 3837; x_wconf 89' lang='lat' dir='ltr'>illi,</span> <span class='ocrx_word' id='word_1_193' title='bbox 890 3762 977 3837; x_wconf 87' lang='lat' dir='ltr'>quod</span> <span class='ocrx_word' id='word_1_194' title='bbox 993 3765 1101 3823; x_wconf 88' lang='lat' dir='ltr'>mente</span> <span class='ocrx_word' id='word_1_195' title='bbox 1117 3759 1269 3823; x_wconf 90' lang='lat' dir='ltr'>uidemus</span> 
     </span>
     <span class='ocr_line' id='line_1_30' title="bbox 374 3870 1174 3950; baseline -0.005 -16"><span class='ocrx_word' id='word_1_196' title='bbox 374 3879 473 3950; x_wconf 88' lang='lat' dir='ltr'>atque</span> <span class='ocrx_word' id='word_1_197' title='bbox 491 3872 602 3946; x_wconf 91' lang='lat' dir='ltr'>oculis,</span> <span class='ocrx_word' id='word_1_198' title='bbox 621 3870 720 3932; x_wconf 88' lang='lat' dir='ltr'>simili</span> <span class='ocrx_word' id='word_1_199' title='bbox 737 3870 809 3934; x_wconf 90' lang='lat' dir='ltr'>fieri</span> <span class='ocrx_word' id='word_1_200' title='bbox 826 3870 954 3933; x_wconf 89' lang='lat' dir='ltr'>ratione</span> <span class='ocrx_word' id='word_1_201' title='bbox 971 3890 1099 3932; x_wconf 90' lang='lat' dir='ltr'>necesse</span> <span class='ocrx_word' id='word_1_202' title='bbox 1117 3875 1174 3932; x_wconf 88' lang='lat' dir='ltr'>est.</span> 
     </span>
    </p>
   </div>
   <div class='ocr_carea' id='block_1_4' title="bbox 1456 3717 1493 3776">
    <p class='ocr_par' dir='ltr' id='par_1_4' title="bbox 1456 3717 1493 3776">
     <span class='ocr_line' id='line_1_31' title="bbox 1456 3717 1493 3776; baseline -0.297 1"><span class='ocrx_word' id='word_1_203' title='bbox 1456 3717 1493 3776; x_wconf 69' lang='lat'>750</span> 
     </span>
    </p>
   </div>
   <div class='ocr_carea' id='block_1_5' title="bbox 385 4003 712 4132">
    <p class='ocr_par' dir='ltr' id='par_1_5' title="bbox 385 4003 712 4132">
     <span class='ocr_line' id='line_1_32' title="bbox 385 4003 712 4066; baseline -0.009 -12"><span class='ocrx_word' id='word_1_204' title='bbox 385 4003 517 4064; x_wconf 64' lang='grc'>73511111.</span> <span class='ocrx_word' id='word_1_205' title='bbox 534 4017 612 4053; x_wconf 90' lang='lat' dir='ltr'>omne</span> <span class='ocrx_word' id='word_1_206' title='bbox 627 4017 712 4066; x_wconf 84' lang='lat' dir='ltr'>genus</span> 
     </span>
     <span class='ocr_line' id='line_1_33' title="bbox 385 4071 691 4132; baseline -0.007 -11"><span class='ocrx_word' id='word_1_207' title='bbox 385 4072 517 4132; x_wconf 67' lang='grc'>74011119.</span> <span class='ocrx_word' id='word_1_208' title='bbox 535 4071 691 4121; x_wconf 87' lang='lat' dir='ltr'>animantis</span> 
     </span>
    </p>
   </div>
   <div class='ocr_carea' id='block_1_6' title="bbox 0 0 1600 4682">
    <p class='ocr_par' dir='ltr' id='par_1_6' title="bbox 0 0 1600 4682">
     <span class='ocr_line' id='line_1_34' title="bbox 0 0 1600 4682; baseline 0 4"><span class='ocrx_word' id='word_1_209' title='bbox 0 0 1600 4682; x_wconf 95' lang='lat' dir='ltr'> </span> 
     </span>
    </p>
   </div>
  </div>
 </body>
</html>
