3190 4682
675 436 726 487 DE
744 436 878 486 RERVM
894 437 1048 486 NATVRA
1068 437 1112 486 11⁷

382 650 481 729 inque
499 650 569 715 dies
586 651 695 730 gliscit
713 651 810 714 furor
827 659 926 730 atque
944 673 1102 715 aerumna
1119 652 1293 730 grauescit,

381 761 409 822 si
424 781 490 823 non
505 761 614 839 prima
628 760 723 824 nouis
739 763 913 824 conturbes
927 763 1065 825 uolnera
1080 762 1187 840 plagis

381 871 622 948 uolgiuagaque
640 891 747 948 uagus
764 872 892 935 Venere
910 878 986 934 ante
1004 871 1150 935 recentia
1168 891 1261 935 cures

380 986 440 1043 aut
458 980 523 1043 alio
539 980 642 1058 possis
660 980 762 1044 animi
779 981 953 1043 traducere
971 988 1088 1043 motus.

443 1090 511 1153 Nec
527 1089 666 1153 Veneris
682 1089 798 1152 fructu
814 1097 903 1153 earet
921 1090 949 1152 is
966 1089 1023 1168 qui
1039 1090 1127 1154 uitat
1144 1110 1294 1167 amorem,

379 1200 437 1262 sed
453 1200 564 1277 potius
580 1219 663 1277 quae
680 1207 757 1262 sunt
773 1200 842 1262 sine
859 1220 965 1278 poena
981 1201 1149 1263 commoda
1164 1200 1280 1276 sumit;

380 1330 457 1372 nam
473 1316 560 1373 certe
576 1316 693 1387 purast
707 1309 796 1372 sanis
810 1308 914 1387 magis
929 1309 1006 1373 inde
1021 1310 1177 1388 uoluptas

381 1440 479 1496 quam
497 1419 633 1482 miseris.
674 1419 794 1482 etenim
812 1419 967 1497 potiundi
985 1426 1131 1496 tempore
1151 1419 1186 1480 in
1204 1419 1275 1496 ipso

379 1528 520 1590 fluctuat
537 1527 672 1591 incertis
690 1528 857 1591 erroribus
874 1528 973 1591 ardor
992 1535 1161 1590 amantum

379 1657 438 1700 nec
455 1644 583 1700 constat
599 1616 680 1715 quid
696 1637 841 1716 primum
858 1637 960 1700 oeulis
976 1637 1191 1714 manibusque
1208 1636 1366 1699 fruantur.

380 1748 468 1823 quod
485 1746 618 1824 petiere,
637 1754 793 1825 premunt
811 1752 882 1810 arte
900 1746 1094 1823 faciuntque
1112 1747 1256 1809 dolorem

379 1856 526 1935 corporis
542 1863 574 1918 et
590 1858 704 1919 dentes
720 1856 870 1918 inlidunt
883 1875 978 1933 saepe
994 1855 1130 1932 labellis

379 1966 553 2043 osculaque
571 1966 745 2044 adfligunt,
764 1966 842 2042 quia
859 1985 925 2027 non
942 1973 990 2029 est
1008 1986 1094 2044 pura
1110 1966 1265 2044 uoluptas

379 2082 411 2137 et
427 2075 554 2137 stimuli
570 2077 710 2138 subsunt
726 2076 783 2153 qui
799 2075 961 2152 instigant
977 2076 1105 2137 laedere
1122 2075 1157 2136 id
1173 2075 1281 2152 ipsum

379 2186 607 2262 quodcumque
623 2192 680 2261 est,
698 2184 805 2248 rabies
820 2186 909 2248 unde
925 2185 1019 2247 illaec
1036 2184 1184 2262 germina
1200 2188 1345 2261 surgunt.

378 2294 435 2355 sed
450 2294 568 2357 leuiter
584 2314 705 2372 poenas
721 2294 850 2372 frangit
865 2295 979 2356 Venus
995 2294 1081 2356 inter
1097 2313 1239 2357 amorem

377 2404 564 2480 blandaque
587 2404 816 2475 <re>frenat
833 2424 960 2466 morsus
978 2403 1125 2467 admixta
1143 2405 1306 2481 uoluptas.

363 2513 520 2591 (namque
537 2513 572 2574 in
590 2534 627 2576 eo
643 2533 717 2592 spes
734 2521 792 2590 est,
809 2514 898 2576 unde
916 2520 964 2575 est
982 2513 1111 2576 ardoris
1127 2513 1228 2591 origo,

377 2622 540 2700 restingui
555 2643 684 2701 quoque
700 2643 792 2700 posse
809 2624 849 2686 ab
866 2624 977 2686 eodem
993 2643 1129 2700 corpore
1145 2621 1330 2696 flammam.)

334 2734 465 2809 -quod
481 2732 553 2793 fieri
570 2739 687 2795 eontra
701 2739 809 2795 totum
825 2739 947 2796 natura
964 2738 1147 2811 repugnat;

377 2862 508 2919 unaque
523 2862 575 2904 res
589 2843 668 2905 haec
683 2849 741 2918 est,
757 2843 850 2905 cuius
865 2863 963 2920 quam
979 2843 1124 2920 plurima
1138 2843 1301 2916 habemus,

377 2958 445 3014 tam
461 2951 565 3029 magis
583 2952 724 3015 ardescit
741 2952 817 3015 dira
833 2952 1018 3030 cuppedine
1036 2959 1159 3029 pectus.

361 3060 454 3135 (nam
471 3060 563 3123 cibus
580 3068 678 3139 atque
694 3081 789 3124 umor
805 3061 959 3124 membris
976 3062 1162 3124 adsumitur
1179 3060 1285 3135 intus;

377 3191 460 3247 quae
478 3171 632 3248 quoniam
650 3179 756 3233 certas
774 3178 911 3248 possunt
929 3171 1075 3234 obsidere
1094 3171 1209 3249 partia,

375 3281 435 3342 hoc
454 3279 552 3343 facile
570 3282 722 3357 expletur
739 3280 875 3343 laticum
894 3280 1095 3358 frugumque
1114 3280 1260 3358 cupido.)

377 3411 415 3452 ex
431 3389 572 3451 hominis
587 3410 667 3452 uero
682 3389 768 3452 facie
784 3390 987 3467 pulchroque
1004 3390 1108 3452 colore

375 3499 424 3560 nil
439 3499 540 3561 datur
554 3499 589 3559 in
604 3519 723 3577 corpus
737 3505 870 3577 praeter
885 3499 1062 3562 simulacra
1077 3499 1257 3562 fruendum

375 3608 506 3683 tenuia;
524 3628 607 3685 quae
623 3616 724 3671 uento
740 3629 814 3685 spes
829 3614 943 3685 raptat
960 3627 1055 3685 saepe
1071 3608 1207 3671 misella.

332 3725 413 3780 —ut
429 3718 539 3780 bibere
555 3717 590 3778 in
606 3717 727 3779 somnis
742 3717 856 3781 sitiens
873 3737 970 3795 quom
987 3717 1117 3794 quaerit
1133 3724 1165 3781 et
1181 3737 1276 3780 umor

375 3847 441 3889 non
459 3828 568 3904 datur,
585 3828 735 3890 ardorem
752 3827 809 3905 qui
825 3827 978 3890 membris
994 3827 1161 3904 stinguere
1178 3827 1289 3905 possit,

374 3938 431 4000 sed
446 3937 582 3999 laticum
597 3936 773 4000 simulacra
789 3937 873 4015 petit
890 3936 1084 4014 frustraque
1099 3937 1228 3999 laborat

369 4069 437 4117 1096
448 4068 515 4128 fort.
531 4071 628 4117 ventus
644 4082 691 4131 spe

870 4178 943 4230 [156]
