3234 4686
621 460 672 509 DE
690 460 822 510 RERVM
840 461 994 510 NATVRA
1018 461 1041 509 V

318 678 592 756 suscipiendaque
611 679 737 742 curarit
757 679 925 742 sollemnia
945 700 1047 756 saera,

319 808 402 865 quae
418 809 507 851 nune
523 788 559 849 in
575 789 703 867 magnis
720 789 837 851 florent
854 809 948 851 saera
963 789 1058 851 rebu'
1075 788 1228 865 loeisque,

318 898 406 961 unde
421 898 520 960 etiam
535 919 624 961 nune
639 905 686 962 est
701 899 896 961 mortalibus
911 898 1030 960 insitus
1044 900 1161 960 horror

318 1007 376 1084 qui
392 1007 531 1071 delubra
545 1007 644 1069 deum
659 1027 748 1071 noua
762 1016 832 1071 toto
848 1007 985 1071 suseitat
1002 1008 1073 1070 orbi

318 1124 485 1180 terrarum
501 1125 533 1181 et
551 1117 645 1181 iestis
662 1118 749 1196 eogit
766 1119 929 1181 celebrare
946 1117 1070 1194 diebus

318 1247 385 1289 non
402 1226 450 1289 ita
467 1226 628 1290 diffieilest
646 1227 807 1290 rationem
825 1229 962 1290 reddere
980 1227 1099 1290 uerbis.

274 1335 442 1414 -quippe
458 1336 579 1400 etenim
595 1336 660 1399 iam
676 1344 748 1399 tum
765 1337 877 1399 diuom
892 1337 1045 1399 mortalia
1061 1337 1167 1399 saeela

318 1446 467 1523 egregias
482 1446 591 1509 animo
607 1446 708 1509 laeies
723 1446 884 1523 uigilante
901 1445 1060 1508 uidebant
1246 1426 1255 1435 .

318 1562 351 1619 et
366 1555 470 1633 magis
485 1555 520 1617 in
536 1556 657 1618 somnis
673 1556 826 1618 mirando
841 1556 988 1633 eorporis
1004 1562 1114 1618 auetu.

318 1665 369 1726 bis
385 1665 490 1742 igitur
507 1686 637 1727 sensum
654 1666 845 1728 tribuebant
862 1672 1038 1744 propterea
1055 1666 1143 1743 quod

317 1776 464 1838 membra
481 1795 612 1838 mouere
630 1776 832 1837 uidebantur
851 1795 1011 1852 uocesque
1029 1777 1188 1853 superbas

318 1884 449 1947 mittere
463 1905 526 1962 pro
540 1885 626 1947 faeie
641 1886 812 1962 praeclara
828 1892 859 1947 et
874 1884 1003 1947 uiribus
1019 1884 1146 1962 amplis.

318 1999 550 2070 aeternamque
566 1995 690 2056 dabant
706 1995 821 2070 uitam,
838 1994 917 2071 quia
932 2015 1059 2072 semper
1076 2014 1188 2057 eorum

317 2103 594 2179 subpeditabatur
610 2103 711 2166 iacies
728 2111 760 2165 et
776 2103 885 2166 forma
900 2105 1062 2179 manebat,

318 2219 350 2275 et
367 2218 478 2275 tamen
495 2212 626 2275 omnino
644 2214 730 2290 quod
748 2213 852 2275 tantis
869 2212 998 2295 uiribus
1015 2220 1127 2275 auctos

317 2342 384 2384 non
401 2328 522 2385 temere
539 2323 608 2385 ulla
625 2322 661 2384 ui
678 2322 830 2384 eonuinei
847 2343 939 2400 posse
958 2323 1131 2400 putabant.

317 2431 528 2508 fortunisque
543 2431 617 2494 ideo
631 2433 727 2509 longe
744 2438 913 2510 praestare
929 2434 1103 2509 putabant,

318 2540 406 2617 quod
420 2540 535 2603 mortis
551 2541 650 2603 timor
665 2542 747 2604 haut
762 2562 958 2618 quemquam
973 2548 1109 2603 uexaret
1126 2561 1248 2617 eorum,

318 2657 351 2712 et
367 2648 465 2712 simul
481 2650 516 2710 in
532 2651 652 2712 somnis
669 2651 747 2727 quia
763 2652 868 2713 multa
885 2658 916 2713 et
931 2650 1016 2713 mira
1032 2650 1192 2713 uidebant

318 2759 440 2820 efficere
458 2766 490 2822 et
506 2760 637 2821 nullum
653 2779 769 2837 eapere
786 2760 874 2837 ipsos
891 2760 967 2822 inde
983 2760 1136 2821 laborem.

274 2876 489 2945 —praeterea
506 2868 587 2931 eaeli
604 2868 748 2931 rationes
766 2869 881 2932 ordine
898 2875 987 2931 eerto

318 2984 349 3039 et
367 2977 463 3040 uaria
481 2998 643 3040 annorum
661 2979 838 3040 eernebant
855 2985 1005 3055 tempora
1021 2978 1109 3040 uerti

316 3106 376 3148 nee
391 3091 545 3163 poterant
561 3087 680 3164 quibus
695 3087 730 3149 id
745 3087 837 3150 fieret
854 3107 1044 3165 cognoscere
1060 3086 1176 3149 causis

317 3215 396 3271 ergo
412 3195 605 3273 perfugium
623 3196 684 3258 sibi
702 3198 866 3259 habebant
885 3196 994 3258 omnia
1010 3195 1098 3258 diuis

317 3305 449 3367 tradere
465 3312 497 3368 et
513 3304 645 3368 illorum
661 3313 748 3368 nutu
764 3306 874 3369 faeere
890 3306 999 3368 omnia
1015 3305 1112 3368 fleoti.

315 3413 352 3474 in
368 3414 519 3490 caeloque
535 3415 632 3476 deum
648 3417 738 3477 sedes
754 3423 786 3477 et
802 3416 925 3493 templa
941 3416 1102 3491 loearunt,

317 3543 377 3600 per
393 3524 519 3585 eaelum
533 3524 625 3585 uolui
641 3524 719 3601 quia
734 3544 800 3586 nox
815 3531 847 3587 et
862 3526 943 3586 luna
957 3524 1102 3600 uidetur,

317 3632 398 3695 luna
412 3632 481 3693 dies
496 3639 529 3694 et
543 3652 608 3694 nox
622 3641 654 3695 et
669 3633 774 3695 noetis
788 3633 882 3710 signa
897 3653 1011 3695 seuera

317 3740 575 3819 noetiuagaeque
595 3740 684 3804 iaees
702 3743 783 3804 eaeli
802 3743 1014 3819 flammaeque
1033 3743 1194 3819 dolantes,

317 3848 432 3913 nubila
447 3851 495 3913 sol
512 3850 631 3912 imbres
647 3849 706 3911 nix
720 3851 812 3913 uenti
829 3851 972 3914 fulmina
988 3851 1116 3928 grando

312 3981 380 4028 1164
391 3981 457 4040 fort.
472 3981 571 4030 florent
586 3982 755 4045 templisque

312 4047 380 4095 1190
391 4047 458 4107 fort.
472 4047 546 4110 quies

312 4112 380 4161 1192
391 4114 459 4173 fort.
474 4112 567 4163 nubila
581 4112 686 4177 hiemps
