3234 4686
632 424 682 474 DE
701 424 833 475 RERVM
851 425 1005 474 NATVRA
1028 426 1052 475 V

329 659 396 701 non
414 639 560 717 quierint
579 640 689 702 animo
706 641 909 718 praesentire
928 648 1026 718 atque
1044 640 1159 704 uidere

330 768 428 825 quam
445 769 615 811 commune
632 750 864 812 malumfleret
882 749 1090 827 foedumque,
1108 749 1281 826 futurum3

287 864 362 921 —et
378 859 483 936 magis
499 858 534 920 id
551 859 656 936 possis
671 858 799 922 factum
816 860 1012 923 contendere
1028 859 1064 920 in
1082 859 1180 936 omni,

297 1042 299 1047 Ι
330 967 365 1029 in
380 968 485 1031 uariis
500 968 633 1031 mundis
649 968 745 1032 uaria
761 969 889 1031 ratione
906 969 1034 1044 creatis,

330 1097 429 1154 quam
444 1085 534 1141 certo
549 1084 648 1155 atque
663 1098 732 1141 uno
746 1086 913 1142 terrarum
929 1078 1075 1156 quolibet
1091 1077 1189 1154 orbi.)

329 1188 386 1249 sed
404 1187 513 1249 facere
531 1187 566 1249 id
583 1208 650 1250 non
667 1195 735 1250 tam
752 1187 909 1250 uincendi
926 1208 984 1266 spe
1001 1189 1191 1264 uoluerunt,

330 1317 429 1374 quam
446 1298 526 1360 dare
543 1298 631 1374 quod
648 1305 815 1374 gemerent
831 1298 949 1374 hostes,
967 1297 1096 1375 ipsique
1114 1297 1233 1375 perire,

330 1406 388 1484 qui
405 1426 542 1469 numero
558 1406 751 1469 diffidebant
769 1407 932 1484 armisque
949 1408 1123 1470 necabant.

393 1516 519 1579 Nexilis
537 1522 613 1580 ante
633 1504 703 1579 ruit
719 1516 821 1579 uestis
839 1537 938 1593 quam
956 1516 1070 1579 textile
1088 1524 1228 1594 tegmen.

330 1626 444 1689 textile
462 1632 536 1704 post
554 1625 724 1703 ferrumst,
742 1626 822 1704 quia
838 1624 930 1688 ferro
945 1626 1012 1688 tela
1030 1632 1180 1703 paratur,

330 1756 389 1798 nec
405 1735 533 1799 ratione
549 1735 616 1799 alia
631 1741 769 1815 possunt
784 1742 853 1798 tam
869 1734 958 1798 leuia
973 1734 1065 1813 gigni

331 1844 441 1907 insilia
458 1866 495 1908 ac
513 1844 582 1907 fusi
598 1844 686 1907 radii
704 1844 858 1922 scapique
877 1851 1039 1907 sonantes.

332 1962 363 2017 11
381 1953 490 2018 facere
507 1961 583 2017 ante
601 1954 692 2017 uiros
708 1955 819 2017 lanam
836 1961 960 2017 natura
977 1954 1082 2032 coegit

331 2084 429 2141 quam
444 2064 602 2126 muliebre
618 2084 721 2141 genus
741 2065 835 2140 (nam
850 2064 945 2141 longe
962 2070 1110 2142 praestat
1125 2063 1162 2124 in
1177 2070 1248 2126 arte

331 2180 363 2237 et
380 2173 546 2236 sollertius
564 2180 612 2237 est
628 2175 734 2236 multo
751 2194 854 2251 genus
871 2193 965 2237 omne
982 2172 1112 2250 uirile),

331 2282 493 2360 agricolae
510 2284 613 2345 donec
629 2282 714 2346 uitio
729 2290 859 2345 uertere
876 2282 999 2359 seueri;

331 2399 369 2455 ut
387 2393 603 2456 muliebribus
620 2393 653 2454 id
672 2393 825 2455 manibus
842 2392 1017 2455 concedere
1035 2393 1159 2455 uellent

331 2508 429 2579 atque
446 2501 510 2580 ipsi
526 2502 654 2580 pariter
670 2504 792 2565 durum
807 2502 946 2565 sufferre
963 2503 1117 2578 laborem,

331 2620 430 2689 atque
446 2631 543 2690 opere
558 2612 592 2673 in
608 2614 692 2675 duro
708 2613 869 2674 durarent
884 2613 1030 2674 membra
1045 2630 1235 2687 manusque.

394 2722 441 2784 At
457 2721 620 2799 specimen
637 2721 774 2784 sationis
792 2727 824 2784 et
840 2719 1006 2783 insitionis
1023 2720 1115 2798 origo

332 2831 404 2908 ipsa
421 2831 488 2893 fnit
506 2852 618 2894 rerum
636 2831 781 2909 primum
797 2837 920 2893 natura
938 2830 1091 2906 creatrix,

332 2940 504 3003 arboribus
524 2940 679 3017 quoniam
698 2942 796 3003 bacae
817 2940 1017 3018 glandesque
1038 2940 1179 3003 caducae

331 3050 529 3127 tempestiua
549 3050 673 3112 dabant
693 3050 860 3127 pullorum
880 3048 1031 3112 examina
1049 3055 1182 3127 supter3

331 3159 420 3222 unde
436 3159 535 3221 etiam
551 3158 715 3221 libitumst
732 3159 847 3236 stirpis
863 3158 1065 3221 committere
1082 3158 1182 3221 ramis

332 3276 364 3331 et
381 3288 468 3330 noua
485 3267 640 3331 defodere
657 3268 693 3329 in
709 3275 833 3331 terram
849 3267 1000 3344 uirgulta
1017 3260 1076 3345 per
1093 3287 1198 3345 agros.

331 3377 409 3439 inde
426 3377 525 3441 aliam
542 3384 640 3454 atque
659 3377 757 3440 aliam
775 3379 940 3440 culturam
958 3376 1064 3439 dulcis
1081 3377 1178 3454 agelli

332 3488 540 3565 temptabant
559 3485 754 3563 fructusque
773 3486 863 3549 leros
879 3506 1103 3549 mansuescere
1121 3492 1212 3549 terra

332 3598 509 3659 cernebant
528 3596 732 3672 indulgendo
750 3596 934 3673 blandeque
953 3595 1097 3658 colendo.

332 3706 432 3783 inque
449 3705 518 3768 dies
533 3705 638 3783 magis
655 3705 690 3766 in
707 3711 850 3767 montem
867 3705 1038 3767 succedere
1055 3704 1156 3766 siluas

333 3817 491 3893 cogebant
510 3815 665 3892 infraque
684 3816 791 3876 locum
809 3813 984 3876 concedere
1002 3813 1110 3889 cultis,

333 3933 431 4003 prata
448 3926 539 3987 lacus
555 3924 645 3986 riuos
662 3930 785 4000 segetes
802 3922 980 3999 uinctaque
997 3923 1084 3985 laeta

328 4056 394 4104 1368
406 4056 477 4114 vulp.
494 4060 599 4105 terram

828 4188 901 4238 [210]
