3234 4684
705 465 736 513 T.
754 464 917 514 LVGRETI
935 465 1024 516 CARI

335 696 400 754 quo
415 685 573 756 poterunt
588 680 707 756 undae,
724 700 798 742 cum
814 679 919 758 pisces
934 680 981 744 ire
997 681 1204 758 nequibunt?

334 793 393 849 aut
410 786 514 865 igitur
529 794 622 851 motu
638 787 873 867 priuandnmst
890 810 1029 868 corpora
1045 811 1192 868 quaeque

335 904 394 960 aut
410 917 477 961 esse
492 897 678 961 admixtum
694 898 902 962 dicendumst
918 901 1016 963 rebus
1032 899 1130 964 inane

333 1007 422 1069 unde
438 1006 559 1069 initum
575 1007 720 1085 primum
736 1008 847 1087 capiat
862 1029 914 1071 res
930 1030 1078 1086 quaeque
1095 1010 1259 1073 mouendi.

291 1124 499 1194 ——postremo
512 1118 580 1179 duo
593 1118 633 1181 de
649 1137 811 1180 concursu
826 1138 965 1196 corpora
978 1120 1049 1182 lata

332 1225 360 1288 si
376 1226 442 1289 cita
457 1226 631 1304 dissiliant,
647 1247 764 1305 nempe
779 1248 835 1290 aer
851 1247 944 1291 omne
961 1234 1129 1304 necessest,

333 1335 420 1399 inter
436 1356 575 1414 corpora
589 1338 676 1414 quod
691 1336 759 1414 fiat,
775 1337 923 1415 possidat
939 1337 1046 1400 inane.

332 1445 361 1507 is
377 1465 475 1523 porro
492 1446 644 1523 quamuis
661 1428 784 1509 circum
800 1447 1020 1510 celerantibus
1037 1447 1128 1510 auris

333 1556 485 1632 confluat,
501 1556 592 1618 haud
607 1556 730 1635 poterit
744 1561 855 1620 tamen
869 1576 937 1620 uno
952 1563 1099 1634 tempore
1113 1563 1220 1619 totum

333 1665 489 1744 compleri
506 1665 668 1743 spatium3
687 1687 764 1729 nam
782 1666 926 1744 primum
945 1686 1104 1743 quemque
1122 1673 1281 1729 necessest

332 1782 468 1852 occupet
483 1775 538 1838 ille
553 1776 669 1852 locum,
686 1775 804 1839 deinde
819 1775 928 1838 omnia
944 1776 1184 1854 possideantur.

332 1886 419 1963 quod
434 1886 462 1947 si
478 1884 565 1948 forte
581 1885 709 1963 aliquis
726 1907 801 1948 cum
816 1905 955 1963 corpora
969 1885 1150 1961 dissiluere,

331 2003 403 2058 tum
420 2002 519 2072 putat
534 1995 569 2056 id
584 1995 656 2058 fieri
673 1995 752 2072 quia
767 2016 800 2059 se
816 1996 1013 2058 condenseat
1030 2016 1096 2071 aer,

331 2111 438 2180 errat;
454 2125 531 2166 nam
545 2125 688 2167 uacuum
703 2113 775 2168 tum
790 2105 828 2167 fit
844 2106 931 2182 quod
946 2124 1013 2166 non
1028 2104 1095 2166 fuit
1111 2111 1187 2167 ante

331 2220 364 2276 et
380 2215 529 2291 repletur
546 2214 624 2276 item
640 2235 783 2277 uacuum
800 2215 888 2291 quod
905 2213 1053 2276 constitit
1071 2220 1157 2290 ante,

330 2344 390 2387 nec
405 2323 466 2386 tali
482 2323 610 2388 ratione
626 2330 733 2402 potest
749 2324 915 2387 denserier
931 2345 997 2400 aer,

330 2454 398 2510 nec,
416 2433 444 2495 si
459 2433 524 2496 iam
539 2441 656 2511 posset,
673 2433 743 2496 sine
758 2433 851 2496 inani
867 2439 985 2511 posset,
1002 2431 1129 2509 opinor,

330 2542 400 2619 ipse
416 2543 451 2604 in
467 2563 500 2605 se
516 2544 647 2607 trahere
662 2551 694 2607 et
711 2543 817 2621 partis
833 2543 1014 2605 conducere
1030 2542 1066 2602 in
1081 2562 1195 2604 unum.

377 2739 616 2816 (Quapropter,
636 2737 787 2815 quamuis
805 2737 971 2799 causando
987 2737 1092 2799 multa
1109 2735 1255 2812 moreris,

330 2869 397 2912 esse
413 2848 448 2909 in
463 2850 561 2911 rebus
575 2848 673 2911 inane
689 2855 800 2909 tamen
816 2846 944 2909 fateare
960 2852 1128 2908 necessest.

330 2959 498 3035 multaque
514 2965 685 3035 praeterea
699 2956 761 3018 tibi
776 2976 908 3034 possum
922 2955 1206 3018 commemorando

331 3072 526 3145 argumenta
543 3067 641 3129 fidem
659 3066 758 3129 dictis
774 3065 953 3128 conradere
970 3064 1101 3126 nostris.

329 3198 447 3240 uerum
463 3177 573 3240 animo
588 3176 669 3239 satis
683 3176 763 3238 haec
779 3174 921 3252 uestigia
936 3195 1043 3252 parua
1059 3172 1169 3251 sagaci

330 3294 408 3350 sunt
428 3307 487 3365 per
507 3306 590 3363 quae
611 3285 715 3363 possis
735 3304 925 3362 cognoscere
946 3291 1053 3347 cetera
1074 3290 1155 3345 tute.
1191 3370 1193 3377 Α

288 3417 471 3475 -namque
487 3416 584 3459 canes
598 3402 636 3458 ut
651 3395 861 3471 montiuagae
876 3413 1033 3470 persaepe
1050 3392 1199 3454 ferarum

330 3508 467 3569 naribus
483 3505 660 3568 inueniunt
676 3505 816 3567 intectas
833 3503 952 3565 fronde
970 3502 1104 3579 quieteS,

331 3638 405 3680 cum
422 3617 520 3679 semel
536 3615 731 3677 institerunt
748 3612 890 3690 uestigia
907 3618 998 3674 certa
1014 3611 1093 3687 uiai,

330 3727 377 3789 sic
392 3727 460 3790 alid
475 3747 515 3789 ex
529 3724 594 3788 alio
609 3744 668 3801 per
681 3731 714 3786 te
728 3730 801 3785 tute
816 3722 886 3799 ipse
901 3721 1015 3784 uidere

330 3837 453 3899 talibus
469 3835 504 3896 in
520 3836 616 3896 rebus
633 3832 757 3911 poteris
772 3851 946 3907 caecasque
963 3831 1106 3892 latebras

332 3945 500 4008 insinuare
519 3944 622 4006 omnis
641 3948 673 4006 et
690 3963 807 4005 uerum
825 3940 1018 4018 protrahere
1036 3939 1123 4000 inde.

332 4056 419 4134 quod
435 4054 462 4116 si
478 4053 622 4131 pigraris
638 4053 817 4130 paulumne
833 4048 1003 4112 recesseris
1019 4050 1059 4110 ab
1075 4069 1120 4124 re,

342 4179 394 4228 384
403 4191 532 4227 concurso

834 4241 893 4294 [14]
