3234 4686
639 469 690 518 DE
708 468 840 518 RERVM
858 468 1013 518 NATVRA
1036 468 1076 517 VI

346 681 489 760 impetus
505 681 647 759 incessit,
664 690 832 745 maturum
848 689 920 744 tum
937 681 1032 760 quasi
1047 680 1176 744 fulmen

346 791 529 869 perscindit
545 792 655 855 subito
670 793 800 869 nubem,
818 792 992 869 ferturque
1010 791 1153 854 coruscis

347 901 456 964 omnia
472 901 653 964 luminibus
669 902 817 964 lustrans
832 901 903 964 loca
919 900 1066 979 percitus
1083 901 1193 963 ardor.

552 1008 603 1057 DE
618 1007 848 1057 TONITRIBVS
863 1007 911 1057 ΕΤ
925 1007 1076 1057 TERRAE
1092 1006 1199 1056 MOTV

347 1117 443 1175 quem
461 1096 574 1174 grauis
590 1096 777 1173 insequitur
793 1095 930 1172 sonitus,
949 1095 1095 1173 displosa
1111 1102 1246 1172 repente

346 1205 533 1284 opprimere
550 1213 589 1268 ut
606 1205 687 1268 caeli
704 1205 884 1268 uideantur
900 1206 1025 1282 templa
1041 1225 1193 1282 superne.

347 1316 424 1377 inde
440 1322 563 1377 tremor
579 1322 686 1378 terras
701 1314 850 1393 grauiter
866 1319 1069 1392 pertemptat
1085 1319 1117 1375 et
1134 1315 1239 1376 altum

347 1445 519 1487 murmura
535 1431 736 1502 percurrunt
753 1424 897 1499 caelum;
913 1444 990 1486 nam
1006 1423 1251 1486 10111111111111

347 1542 524 1613 tempestas
544 1554 699 1596 concussa
719 1533 832 1595 tremit
853 1532 1071 1610 fremitusque
1091 1539 1278 1595 mouentur.

349 1664 414 1721 quo
432 1645 471 1707 de
490 1664 649 1706 concussu
666 1642 816 1720 sequitur
834 1642 948 1720 grauis
964 1643 1068 1705 imber
1087 1649 1119 1705 et
1136 1643 1227 1718 uber,

347 1753 453 1816 omnis
468 1754 520 1816 uti
535 1752 692 1815 uideatur
708 1752 743 1813 in
759 1752 896 1815 imbrem
912 1751 1036 1814 uertier
1053 1752 1166 1814 aether

348 1871 447 1940 atque
463 1863 512 1926 ita
526 1863 753 1941 praecipitans
768 1862 811 1924 ad
826 1861 987 1924 diluuiem
1003 1858 1174 1923 reuocare:

305 1980 463 2036 —tantus
478 1972 618 2035 discidio
630 1971 728 2034 nubis
742 1971 900 2049 uentique
917 1971 1060 2049 procella

348 2083 505 2159 mittitur,
521 2082 653 2145 ardenti
668 2081 796 2144 sonitus
810 2103 884 2144 cum
899 2080 1053 2159 prouolat
1068 2080 1146 2142 ictu.

305 2200 398 2255 -est
414 2193 513 2255 etiam
529 2214 603 2255 cum
618 2192 670 2255 uis
687 2192 889 2254 extrinsecus
904 2190 1007 2252 incita
1022 2189 1116 2252 uenti

349 2302 467 2365 incidit
483 2303 520 2364 in
536 2302 683 2365 ualidam
699 2308 830 2363 maturo
846 2299 988 2385 culmine
1004 2300 1142 2375 nubem3

350 2433 449 2489 quam
464 2433 538 2474 cum
553 2410 721 2490 perscidit,
736 2410 901 2487 extemplo
914 2408 1003 2471 cadit
1018 2408 1134 2486 igneus
1149 2407 1204 2468 ille

349 2529 465 2585 uertex
481 2542 576 2599 quem
592 2520 704 2598 patrio
717 2520 902 2582 uocitamus
917 2518 1048 2581 nomine
1064 2517 1201 2580 fulmen.

349 2634 409 2694 hoc
424 2631 462 2693 fit
478 2631 564 2692 idem
579 2631 615 2691 in
630 2629 736 2708 partis
752 2629 843 2706 alias,
860 2640 1063 2706 quocumque
1078 2627 1157 2689 tulit
1173 2626 1234 2689 uis.

348 2740 394 2820 fit
411 2761 539 2818 quoque
554 2747 592 2803 ut
608 2740 777 2802 interdum
792 2739 886 2801 uenti
901 2738 954 2800 uis
968 2737 1067 2800 missa
1082 2737 1152 2800 sine
1168 2736 1238 2813 igni

350 2850 490 2930 igniscat
508 2858 619 2913 tamen
637 2849 673 2910 in
691 2849 800 2927 spatio
817 2850 977 2926 longoque
995 2855 1116 2924 meatu,

349 2963 430 3024 dum
444 2961 547 3037 uenit,
564 2960 718 3022 amittens
733 2959 769 3019 in
784 2979 884 3021 cursu
900 2977 1038 3035 corpora
1054 2957 1215 3034 quaedam

350 3071 491 3150 grandia
507 3091 590 3148 quae
606 3075 775 3146 nequeunt
790 3069 917 3146 pariter
933 3074 1107 3145 penetrare
1123 3086 1183 3143 per
1199 3085 1315 3143 auras3

351 3188 449 3257 atque
467 3180 533 3243 1111
550 3202 589 3243 ex
606 3180 678 3257 ipso
694 3179 876 3241 conradens
893 3198 967 3271 aere
984 3183 1097 3254 portat

351 3291 491 3369 paruola
507 3311 590 3367 quae
606 3289 737 3351 faciunt
753 3289 862 3366 ignem
879 3286 1053 3349 commixta
1069 3286 1230 3361 uolando;

307 3421 417 3463 —non
433 3399 498 3462 alia
514 3400 610 3477 longe
626 3399 754 3461 ratione
771 3418 808 3461 ac
823 3398 979 3475 plumbea
993 3416 1090 3473 saepe

351 3510 485 3572 feruida
501 3509 539 3571 fit
555 3510 650 3588 glans
665 3509 700 3569 in
717 3528 825 3583 cursu,
842 3527 916 3568 cum
932 3506 1037 3568 multa
1054 3504 1173 3583 rigoris

352 3640 491 3697 corpora
507 3619 678 3681 dimittens
695 3619 804 3695 ignem
821 3615 970 3693 concepit
987 3615 1023 3675 in
1039 3615 1139 3677 auris.

351 3730 396 3806 fit
413 3749 541 3807 quoque
557 3735 595 3791 ut
612 3728 716 3805 ipsius
733 3727 850 3804 plagae
867 3724 919 3787 uis
935 3723 1055 3787 excitet
1070 3724 1189 3801 ignem,

352 3839 478 3917 frigida
494 3859 568 3901 cum
582 3837 676 3900 uenti
691 3836 821 3914 pepulit
836 3835 888 3897 uis
904 3834 1002 3896 missa
1017 3834 1086 3897 sine
1102 3832 1189 3911 igni;

352 3949 510 4010 nimirum
525 3947 613 4024 quia,
629 3967 703 4008 cum
718 3944 863 4007 nomenti
879 3943 1022 4022 perculit
1037 3943 1115 4019 ictu,

364 4081 414 4128 288
425 4079 492 4141 fort.
508 4077 580 4126 furit

364 4146 497 4206 1961119.
515 4144 636 4193 fulmine

848 4236 921 4287 [224]
