3234 4684
701 456 731 505 T.
751 455 914 507 LVCBETI
931 457 1021 508 CARI

330 667 455 732 scilicet
469 669 530 732 hoc
546 669 581 731 id
598 670 670 747 crit,
687 691 831 734 uacuum
848 672 936 749 quod
952 673 1050 736 inane
1066 693 1231 736 uocamus.

287 785 502 855 —praeterea
518 799 578 857 pcr
593 800 627 844 se
643 782 870 858 quodcumque
887 781 960 857 erit,
977 790 1035 845 aut
1052 782 1153 845 faciet
1170 782 1250 860 quid

330 896 389 951 aut
406 888 480 951 aliis
497 888 596 967 fungi
612 873 743 953 debebit
760 890 935 968 agentibus
951 891 1060 969 ipsum

331 1005 389 1061 aut
405 998 468 1061 crit
483 1006 522 1061 ut
537 998 664 1077 possint
680 1000 715 1060 in
730 1019 767 1063 co
781 1019 833 1062 res
847 1020 915 1065 esse
930 1000 1074 1078 geriquc.

330 1115 365 1171 at
380 1107 491 1172 facere
506 1115 539 1172 et
553 1107 652 1186 fungi
667 1109 737 1172 sine
753 1129 889 1189 corpore
904 1111 998 1173 nulla
1014 1117 1121 1188 potest
1137 1130 1190 1173 res

329 1238 389 1280 nec
405 1219 561 1296 praebere
577 1220 684 1281 locum
699 1238 800 1298 porro
814 1218 879 1281 nisi
895 1219 993 1282 inane
1009 1239 1205 1297 uacansque.

286 1347 408 1404 —crgo
424 1334 557 1405 praeter
573 1327 671 1390 inane
689 1335 721 1391 et
738 1348 876 1406 corpora
891 1328 992 1391 tertia
1008 1349 1068 1405 per
1083 1349 1117 1392 se

329 1437 422 1500 nulla
439 1443 547 1514 potest
563 1457 673 1500 rerum
690 1437 726 1499 in
742 1457 879 1501 numero
894 1444 1017 1500 natura
1034 1438 1187 1515 relinqui,

328 1567 389 1609 nec
404 1567 488 1623 quac
503 1548 564 1609 sub
579 1566 693 1609 sensus
709 1547 806 1610 cadat
821 1548 891 1609 ullo
907 1553 1053 1626 tempore
1069 1553 1199 1609 nostros

328 1676 387 1718 nec
404 1656 531 1718 ratione
547 1656 650 1719 animi
666 1677 764 1734 quam
781 1657 954 1734 quisquam
971 1657 1073 1734 possit
1091 1657 1203 1734 apisci.

391 1934 476 1997 Nam
493 1955 715 2013 quaecumque
733 1937 853 2012 cluent,
871 1943 930 1999 aut
946 1936 998 1998 his
1015 1936 1190 1999 coniuncta
1208 1936 1337 1999 duabus

328 2045 426 2107 rebus
444 2066 481 2107 ca
500 2044 647 2107 invenies
665 2045 858 2108 authorum
877 2052 996 2108 cuenta
1014 2045 1152 2108 uidebis.

330 2153 551 2216 Coniunctum
569 2161 617 2218 cst
634 2154 669 2216 id
686 2155 774 2232 quod
792 2175 955 2232 nusquam
973 2155 1042 2217 sinc
1061 2154 1241 2232 permitiali

327 2263 467 2326 discidio
484 2264 571 2341 potis
588 2271 637 2327 est
654 2264 783 2341 seiungi
799 2284 897 2341 seque
914 2264 1062 2342 gregari3

328 2374 458 2451 pondus
474 2373 526 2436 uti
543 2374 639 2450 saxia,
657 2374 746 2436 calor
763 2374 858 2451 ignis,
876 2374 985 2451 liquor
1002 2373 1110 2450 aquai,

326 2488 436 2546 tactus
455 2483 647 2560 corporibus
665 2483 801 2560 cunctis,
820 2483 966 2546 intactus
984 2481 1087 2545 inani.

328 2675 510 2739 Seruitium
529 2682 644 2740 contra
662 2684 842 2754 paupertas
860 2677 1072 2753 diuitiaeque,

326 2785 462 2848 libertas
480 2787 601 2848 bellum
619 2787 803 2863 concordia,
822 2794 930 2849 cetera
947 2806 1088 2863 quorum

327 2896 475 2958 aduentu
491 2904 601 2959 manet
618 2896 790 2958 incolumis
806 2903 928 2959 natura
945 2896 1112 2973 obituque,

326 3005 406 3067 hacc
420 3005 509 3066 soliti
523 3025 645 3081 sumus,
660 3012 699 3068 ut
715 2989 776 3083 par
791 3012 848 3081 est,
864 3012 984 3068 euenta
996 3025 1125 3068 uocare.

312 3114 460 3191 (tempus
475 3114 553 3177 item
571 3135 630 3192 per
647 3135 679 3177 se
696 3135 762 3177 non
779 3121 836 3191 est,
853 3115 909 3178 scd
926 3116 1024 3178 rcbus
1041 3117 1081 3178 ab
1098 3114 1179 3192 ipsis

327 3224 538 3301 consequitur
555 3244 677 3300 sensus,
695 3229 900 3287 transactum
918 3224 998 3301 quid
1016 3224 1058 3287 sit
1076 3224 1111 3285 in
1128 3244 1218 3301 aeuo,

326 3340 398 3396 tum
414 3355 497 3411 quac
513 3354 564 3396 res
580 3333 690 3410 instet,
707 3334 788 3412 quid
804 3353 905 3412 porro
918 3333 1038 3397 deinde
1053 3338 1220 3410 sequatur.

325 3463 385 3506 nec
400 3463 460 3521 per
474 3463 507 3506 se
523 3463 719 3521 quemquam
733 3449 864 3521 tempus
879 3443 1000 3506 sentire
1016 3442 1222 3505 fatendumst

325 3561 484 3616 semotum
501 3554 541 3616 ab
557 3574 668 3616 rerum
684 3559 776 3615 motu
793 3552 989 3630 placidaque
1006 3551 1141 3629 quiete.)

388 3662 538 3740 Denique
557 3662 781 3739 Tyndaridem
798 3669 930 3740 raptam
947 3662 1096 3738 belloque
1113 3662 1266 3724 subactas

327 3771 542 3850 Troiiugenas
559 3771 666 3850 gentis
684 3793 758 3834 cum
776 3771 892 3834 dicunt
909 3791 985 3847 csse,
1002 3771 1217 3833 uidendumst

325 3902 366 3945 ne
384 3881 472 3945 forte
489 3883 568 3945 haec
586 3902 646 3961 per
662 3901 696 3944 sc
714 3888 832 3958 cogant
849 3900 908 3942 nos
926 3899 993 3944 esse
1011 3879 1122 3956 fateri,

325 3992 460 4068 quando
473 4012 510 4055 ca
524 3990 630 4054 saecla
643 3989 823 4067 bominum,
838 4009 979 4068 quorum
992 3989 1072 4052 haec
1085 3995 1205 4052 euenta
1220 3988 1370 4064 fuerunt,

335 4122 446 4173 45311111·
459 4121 516 4172 aaa
551 4098 564 4104 ”

828 4239 886 4292 [16]
