3234 4684
464 462 516 512 DE
534 463 666 513 RERVM
683 462 838 512 NATVBA
858 463 875 512 1

149 677 298 741 carmine
313 677 424 741 Pierio
440 678 601 741 rationem
617 698 779 756 exponere
794 685 941 741 nostram

149 795 185 850 et
201 787 296 864 quasi
311 808 443 850 musaeo
459 788 549 850 dulei
566 788 755 865 contingere
771 788 876 864 melle,

150 897 182 959 si
196 897 259 959 tibi
274 896 361 961 forte
377 897 524 961 animum
538 897 600 960 tali
614 897 742 960 ratione
758 904 869 960 tenere

150 1006 304 1069 uersibus
319 1007 355 1069 in
369 1007 493 1070 nostris
507 1026 642 1085 possem,
659 993 740 1069 dum
754 1007 915 1085 perspicis
931 1007 1057 1069 emnem

151 1123 310 1179 naturam
326 1137 437 1180 rerum
454 1137 520 1194 qua
536 1121 661 1180 constet
679 1123 809 1195 compta
825 1116 960 1194 figura.)

99 1307 157 1358 ΤΟ
174 1307 257 1357 ΠΑΝ
272 1307 456 1358 AllEIPON:
475 1307 522 1358 ΤΟ
538 1308 609 1357 ΓΑΡ
625 1307 944 1357 ΠΕΠΕΡΑΣΜΕΝΟΝ
962 1305 1095 1357 AKPON
1113 1307 1207 1357 ΕΧΕΙ

172 1395 284 1458 —Sed
302 1395 457 1472 quoniam
475 1396 572 1459 docui
590 1396 786 1459 solidissima
804 1396 956 1460 materiai

151 1524 293 1582 corpora
310 1512 472 1583 perpetuo
487 1506 628 1569 uolitare
645 1506 772 1569 inuicta
789 1526 849 1584 per
867 1526 990 1583 aenon,

151 1634 244 1677 nuno
260 1635 328 1692 age,
345 1615 484 1678 summai
500 1616 662 1692 quaedam
678 1616 721 1678 sit
736 1616 812 1678 finis
829 1636 941 1680 eorum

88 1726 91 1730 ’
150 1735 335 1797 neo<ne>
355 1725 407 1801 sit,
425 1726 635 1802 euoluamus;
651 1725 730 1788 item
747 1727 834 1802 quod
850 1725 948 1788 inane
965 1730 1165 1802 repertumst

133 1835 213 1910 (seu
229 1833 319 1896 loeus
332 1854 370 1896 ae
384 1834 530 1912 spatium
546 1855 598 1898 res
613 1835 648 1896 in
663 1855 729 1912 quo
743 1855 891 1912 quaeque
906 1835 1082 1913 gerantur)

150 1943 387 2022 peruideamus
403 1951 517 2006 utrum
534 1944 667 2007 finitum
683 1944 839 2007 funditus
856 1964 949 2007 omne

150 2058 281 2116 constet
297 2074 340 2116 an
356 2053 550 2117 immensum
566 2061 680 2132 pateat
695 2061 853 2131 uastoque
870 2053 1086 2132 profundum.

220 2330 323 2394 Omne
340 2332 428 2408 quod
446 2338 493 2395 est
511 2331 615 2410 igitur
632 2332 725 2395 nulla
742 2332 874 2410 regione
890 2332 1022 2395 uiarum

149 2439 335 2516 finitumst3
354 2461 495 2518 namque
515 2448 698 2504 extremum
718 2443 855 2505 debebat
873 2443 1001 2504 habere.

152 2555 337 2613 extremum
353 2570 453 2628 porro
468 2551 593 2614 nullius
610 2571 702 2628 posse
718 2547 854 2614 uidetur

151 2679 232 2735 esse,
249 2659 313 2720 nisi
329 2661 420 2723 ultra
437 2660 480 2723 sit
497 2662 585 2737 quod
600 2660 713 2737 finiat;
731 2668 769 2723 ut
785 2661 941 2724 uideatur

151 2789 219 2846 quo
235 2788 301 2830 non
316 2770 447 2847 longius
461 2770 540 2832 haec
555 2790 669 2833 sensus
684 2778 807 2833 natura
823 2778 989 2847 sequatur.

151 2899 244 2940 nuno
260 2886 354 2941 extra
371 2900 531 2942 summam
548 2880 704 2957 quoniam
720 2879 805 2941 nihil
821 2900 888 2942 esse
906 2880 1089 2957 fatendum,

151 2988 334 3050 nonhabet
349 2994 540 3065 extremum,
557 2996 647 3052 earet
663 3010 741 3067 ergo
755 2989 819 3052 fine
835 2990 1004 3067 modoque.

151 3118 213 3160 nee
229 3096 335 3160 refert
350 3098 470 3175 quibus
484 3099 623 3161 adsistas
639 3099 828 3176 regionibus
844 3099 929 3175 eins3

152 3227 258 3283 usque
274 3208 363 3284 adeo,
380 3227 476 3284 quem
492 3208 629 3286 quisque
644 3210 752 3271 loeum
767 3208 921 3286 possedit,
938 3208 973 3269 in
991 3209 1095 3271 omnis

153 3317 353 3379 tantundem
371 3317 477 3394 partis
495 3318 663 3380 infinitum
681 3338 775 3381 omne
793 3318 961 3395 relinquit.

153 3433 328 3502 praeterea
342 3426 370 3488 si
385 3417 451 3489 iam
467 3426 598 3489 finitum
614 3427 837 3490 constituatur

155 3554 248 3597 omne
264 3536 352 3612 quod
368 3542 417 3598 est
432 3535 587 3613 spatium,
603 3536 707 3613 siquis
721 3543 898 3614 procurrat
914 3537 957 3600 ad
973 3556 1047 3599 oras

57 3726 63 3738 ι
154 3644 294 3707 ultimus
307 3651 470 3707 extremas
483 3644 647 3722 iaciatque
662 3645 797 3709 uolatile
813 3647 926 3723 telum,

155 3754 190 3816 id
207 3754 330 3816 ualidis
346 3759 461 3816 utrum
479 3761 665 3816 contortum
682 3755 811 3817 uiribus
828 3755 876 3818 ire

155 3884 219 3940 quo
234 3862 339 3926 fuerit
352 3863 487 3925 missum
502 3863 608 3926 mauis
621 3864 781 3941 longeque
795 3865 918 3940 uolare,

156 3993 198 4035 an
215 3972 391 4051 prohibere
408 3972 534 4050 aliquid
553 3992 663 4036 censes
681 3975 873 4050 obstareque
891 3977 1005 4051 posset

165 4103 215 4152 972
226 4102 319 4153 mavis
333 4105 450 4163 suspect.

660 4232 717 4283 [33]
