3190 4682
511 423 542 473 T.
563 421 726 474 Lucrum
745 421 835 474 canl

141 646 171 702 et
188 641 281 702 velut
299 647 450 703 anteacto
465 640 515 702 nil
530 648 677 718 ternpore
695 638 854 703 sensimus
871 637 972 717 aegri,

139 748 182 812 ad
197 749 441 828 confligendum
456 749 667 813 uenientibus
680 748 829 826 undique
845 747 973 824 Poenis,

140 860 249 924 omnia
265 881 340 923 cum
354 860 432 923 belli
448 859 581 938 trepido
597 879 752 923 concussa
768 860 916 921 tumultu

138 970 276 1034 horrida
292 975 516 1033 contremuere
533 971 593 1033 sub
609 969 686 1033 altis
702 968 844 1032 aetheris
860 968 936 1045 oris,

139 1080 173 1140 in
189 1079 356 1157 dubioque
371 1078 466 1144 fuere
482 1086 635 1143 utrorum
651 1079 694 1142 ad
710 1099 813 1156 regna
829 1076 1013 1141 cadendum

139 1190 291 1252 omnibus
304 1189 458 1252 humanis
473 1197 555 1253 esset
569 1196 723 1266 terraque
738 1188 896 1265 marique,

139 1299 193 1376 sic,
209 1299 270 1363 ubi
284 1319 351 1361 non
366 1299 497 1376 erimus,
513 1319 587 1362 cum
603 1297 749 1376 corporis
764 1305 863 1375 atque
878 1296 1002 1361 animai

139 1409 316 1472 discidium
336 1407 441 1471 fucrit
461 1408 580 1486 quibus
601 1431 617 1472 e
637 1428 750 1470 sumus
769 1407 881 1470 uniter
902 1407 983 1485 apti,

139 1519 264 1582 scilicet
278 1519 367 1581 haud
383 1518 477 1581 nobis
492 1517 677 1596 quicquam,
693 1516 832 1595 quinon
847 1516 969 1579 crimus
982 1524 1063 1592 tum,

140 1629 289 1691 accidere
306 1628 438 1690 omnino
455 1627 578 1706 poterit
595 1647 790 1704 sensumque
806 1646 946 1703 mouere,

139 1759 205 1801 non
221 1739 250 1800 si
265 1745 357 1802 terra
371 1738 456 1801 mari
471 1737 662 1801 miscebitur
677 1744 710 1800 et
724 1756 815 1800 mare
830 1737 928 1799 caelo.

100 1855 171 1911 —ct
188 1849 216 1910 si
232 1848 299 1912 iam
316 1853 429 1911 nostro
444 1847 546 1911 sentit
562 1848 602 1911 de
619 1867 755 1925 corpore
772 1853 946 1924 postquam

140 1958 334 2022 distractast
351 1957 453 2020 animi
470 1965 592 2020 natura
610 1956 802 2034 animaeque
820 1961 974 2034 potestas,

141 2068 188 2129 nil
202 2076 316 2131 tamen
331 2074 379 2131 est
394 2068 437 2130 ad
452 2087 511 2130 nos
527 2066 584 2145 qui
599 2073 733 2144 comptu
748 2065 963 2143 coniugioque

140 2177 289 2256 corporis
306 2184 404 2254 atque
421 2177 549 2240 animae
566 2176 773 2239 consistimus
788 2175 901 2238 uniter
918 2174 999 2253 apti.

141 2307 208 2364 nec,
224 2288 253 2350 si
267 2287 441 2351 materiam
456 2294 602 2350 nostram
618 2286 785 2364 collegerit
801 2292 891 2349 aetas

141 2404 214 2474 post
232 2397 359 2460 obitum
376 2417 573 2474 rursumque
590 2396 755 2474 redegerit
771 2403 809 2459 ut
827 2395 891 2458 sita
907 2415 995 2457 nunc
1013 2401 1061 2457 est

142 2514 240 2584 atque
257 2507 379 2569 iterum
395 2506 488 2569 nobis
504 2505 633 2569 fuerint
650 2507 729 2569 data
744 2505 871 2567 lumina
886 2504 986 2580 uitae,

142 2617 309 2693 pertineat
326 2616 501 2693 quicquam
516 2622 627 2679 tamen
644 2617 685 2678 ad
702 2636 763 2678 nos
776 2615 811 2676 id
828 2634 956 2692 quoque
972 2612 1109 2690 factum,

142 2725 334 2804 interrupta
349 2727 447 2788 semel
461 2747 536 2789 cum
552 2726 596 2788 sit
611 2725 796 2803 repetentia
812 2724 926 2787 nostri.

103 2842 174 2898 —ct
189 2856 280 2899 nunc
295 2836 344 2897 nil
360 2837 402 2898 ad
417 2856 476 2899 nos
491 2837 531 2897 dc
546 2835 640 2898 nobis
655 2835 785 2911 attinet,
802 2841 878 2898 ante

142 2945 198 3021 qui
216 2945 353 3020 fuimus,
377 2945 499 3017 <nil>
521 2945 586 3029 iam
605 2946 644 3007 de
662 2945 730 3007 illis
745 2964 804 3006 nos
821 2943 933 3007 adficit
951 2963 1063 3020 angor.

142 3074 218 3118 nam
236 3076 311 3118 cum
328 3055 484 3133 respicias
501 3054 641 3117 inmensi
657 3055 816 3133 temporis
832 3072 925 3116 omne

143 3164 362 3241 praeteritum
378 3165 533 3242 spatium,
548 3172 620 3227 tum
636 3170 744 3227 motus
759 3163 911 3226 materiai

142 3274 330 3337 multimodi
349 3295 447 3351 quarn
467 3274 543 3350 sint,
565 3273 663 3336 facile
682 3275 742 3335 hoc
762 3273 938 3336 adcredere
958 3271 1070 3350 possis,

144 3384 268 3448 semina
283 3403 379 3461 saepe
395 3383 430 3444 in
445 3384 565 3459 eodem,
581 3390 619 3446 ut
634 3403 723 3445 nunc
739 3388 826 3459 sunt,
843 3382 958 3445 ordine
973 3389 1068 3460 posta

144 3493 222 3556 haec
237 3494 359 3569 eadem,
377 3493 496 3570 quibus
511 3514 527 3555 e
541 3513 630 3554 nunc
644 3512 704 3569 nos
717 3512 839 3568 sumus,
854 3498 930 3554 ante
946 3491 1057 3554 fuisse.
1088 3521 1090 3525 ·

144 3622 201 3666 nec
216 3602 353 3666 memori
367 3609 480 3692 tamen.
493 3602 527 3663 id
543 3602 674 3679 quimus
688 3602 950 3679 repraehendere
965 3609 1090 3677 mente3

146 3711 231 3775 inter
248 3712 335 3775 enim
351 3712 467 3775 iectast
482 3711 564 3774 vitai
581 3731 686 3789 pausa
700 3731 846 3788 vageque

145 3822 344 3885 deerrarunt
359 3821 480 3900 passim
496 3827 604 3884 motus
619 3822 660 3883 ab
675 3821 823 3883 sensibus
839 3840 958 3882 omnes

156 3953 205 4001 853
215 3954 288 4015 vulp.
302 3968 389 4018 neque

156 4020 206 4070 856
216 4022 288 4083 vulp.
302 4019 479 4073 multimodis
