3190 4682
657 437 708 488 Dr
726 439 858 489 RERVM
875 439 1030 490 NATVRA
1050 441 1101 491 111

320 726 324 734 Ι
362 649 528 713 claudicat
546 650 725 729 ingenium,
745 653 866 717 delirat
884 653 1009 732 lingua,
1033 655 1197 727 <labat>
1219 675 1317 732 mens,

363 759 473 823 omnia
489 760 647 824 deficiunt
664 768 763 840 atque
779 783 846 825 uno
862 769 1008 842 tempore
1026 765 1154 827 desunt.

320 889 441 947 -ergo
457 869 594 933 dissolui
611 891 739 949 quoque
756 873 911 935 conuenit
928 893 1055 936 omnem
1072 873 1194 936 animai

363 985 528 1056 naturam,
545 1001 604 1043 ceu
620 980 742 1059 fumus,
760 981 795 1042 in
811 983 895 1044 altas
912 982 997 1045 aeris
1013 1004 1128 1060 auras3

363 1089 630 1167 quandoquidem
647 1090 740 1168 gigni
756 1090 884 1169 pariter
901 1091 1093 1170 pariterque
1110 1092 1261 1181 uidemus

362 1218 505 1261 crescere
523 1205 564 1276 et,
587 1207 700 1271 <ut>
723 1200 829 1278 docui,
847 1200 945 1264 simul
962 1222 1044 1265 aeuo
1060 1202 1147 1265 fessa
1165 1202 1285 1265 fatisci.

425 1478 502 1541 Huc
518 1479 643 1542 accedit
658 1480 709 1542 uti
724 1480 905 1559 uideamus,
922 1502 1042 1558 corpus
1056 1488 1095 1544 ut
1111 1482 1219 1561 ipsum

362 1587 527 1665 suscipere
542 1588 685 1652 inmanis
699 1591 829 1652 morbos
843 1591 1030 1668 durumque
1043 1592 1198 1668 dolorem,

362 1697 408 1759 sic
425 1697 571 1760 animum
588 1719 685 1761 curas
702 1699 787 1762 acris
803 1700 993 1777 luctumque
1009 1708 1214 1778 metumque;

362 1827 464 1884 quare
482 1807 678 1886 participem
696 1809 754 1871 leti
771 1829 899 1887 quoque
917 1810 1071 1872 conuenit
1089 1831 1165 1874 esse.

380 1917 513 1995 -Quin
532 1917 631 1980 etiam
648 1918 770 1980 morbis
788 1918 824 1979 in
843 1919 989 1997 corporis
1008 1919 1104 1982 auius
1122 1927 1211 1982 errat

361 2046 458 2104 saepe
476 2027 622 2105 animus;
640 2028 800 2091 dementit
817 2028 903 2091 enim
921 2028 1090 2106 deliraque
1108 2029 1202 2092 latur

361 2135 594 2214 interdumque
613 2137 709 2215 graui
727 2139 877 2215 lethargo
896 2137 1006 2201 fertur
1025 2138 1061 2199 in
1080 2140 1185 2201 altum

361 2252 596 2323 aeternumque
613 2267 761 2324 soporem
778 2248 880 2310 oculis
895 2254 1046 2325 nutuque
1063 2248 1204 2326 cadenti,

360 2355 449 2418 unde
463 2376 569 2433 neque
584 2356 719 2419 exaudit
732 2377 829 2419 uoces
843 2378 902 2420 nec
916 2377 1047 2420 noscere
1062 2359 1174 2420 uoltus

361 2442 494 2528 illorum
509 2447 598 2543 potis
612 2473 670 2542 est,
686 2468 728 2528 ad
743 2467 848 2528 uitam
864 2467 922 2544 qui
936 2474 1128 2530 reuocantes

361 2574 577 2637 circumstant
593 2576 738 2638 lacrimis
754 2573 904 2639 rorantes
921 2597 979 2639 ora
995 2597 1168 2654 genasque.

317 2705 462 2762 —quare
480 2684 627 2747 animum
644 2706 771 2763 quoque
788 2685 924 2748 dissolui
942 2686 1069 2750 fateare
1086 2693 1254 2762 necessest,

361 2794 627 2872 quandoquidem
645 2801 822 2873 penetrant
839 2795 874 2856 in
892 2816 965 2857 eum
984 2796 1137 2873 contagia
1152 2796 1274 2873 morbi3

361 2924 438 2967 aam
454 2906 547 2967 dolor
563 2925 600 2966 ac
615 2906 747 2967 morbus
763 2905 821 2967 leti
837 2904 1020 2967 fabricator
1035 2910 1216 2982 uterquest,

359 3015 540 3076 multorum
555 3014 655 3076 exitio
671 3014 819 3092 perdocti
835 3015 923 3091 quod
939 3035 1052 3077 sumus
1067 3020 1153 3077 ante.

346 3123 393 3201 [et
409 3123 564 3200 quoniam
580 3130 721 3187 mentem
738 3124 849 3185 sanari
867 3144 986 3201 corpus
1002 3131 1040 3186 ut
1058 3144 1193 3201 aegrum

361 3239 393 3295 et
409 3233 536 3311 pariter
553 3239 694 3295 mentem
711 3233 822 3295 sanari
839 3254 958 3310 corpus
974 3234 1081 3312 inani]

422 3343 572 3420 Denique
589 3363 682 3420 quor,
699 3343 862 3405 hominem
879 3364 953 3405 cum
969 3343 1042 3406 uini
1058 3344 1111 3406 uis
1127 3343 1316 3421 penetrauit

360 3453 445 3514 acris
461 3458 493 3515 et
509 3451 544 3512 in
559 3472 662 3515 uenas
676 3452 825 3515 discessit
841 3452 968 3514 diditus
984 3454 1093 3530 ardor,

359 3562 571 3639 consequitur
589 3562 739 3640 grauitas
755 3564 985 3639 membrorum,
1004 3562 1269 3641 praepediuntur

360 3692 458 3734 crura
473 3671 656 3748 uacillanti,
673 3671 831 3734 tardescit
847 3671 971 3749 lingua,
988 3672 1099 3734 madet
1114 3692 1214 3749 mens,

359 3788 442 3843 nant
457 3780 553 3857 oculi,
568 3782 690 3844 clamor
705 3781 871 3858 singultus
886 3781 995 3858 iurgia
1010 3781 1164 3859 gliscunt,

359 3899 391 3953 et
407 3891 472 3953 iam
487 3898 594 3954 cetera
610 3892 650 3952 de
665 3911 782 3968 genere
796 3892 857 3953 hoc
872 3911 1095 3968 quaecumque
1111 3896 1277 3967 secuntur,

359 4022 419 4063 cur
436 4022 474 4063 ea
489 4007 577 4077 sunt,
594 4001 659 4062 nisi
676 4001 764 4077 quod
781 4001 955 4064 uehemens
972 4000 1132 4062 uiolentia
1149 4000 1221 4063 uini

359 4111 556 4173 conturbare
574 4110 718 4172 animam
735 4110 905 4173 consueuit
923 4130 1058 4186 corpore
1076 4109 1111 4170 in
1129 4109 1221 4188 ipsol

863 4223 919 4274 [96]
