3190 4682
609 422 661 471 DE
679 422 812 472 RERVM
829 422 984 472 NATVBA
1003 423 1047 472 IV

317 634 486 698 interdum
503 636 538 697 in
553 637 676 715 pallam
694 643 792 714 atque
809 637 982 701 Alidensia
999 637 1122 715 Ciaque
1139 643 1283 700 uertunt.
1376 619 1430 673 1130

318 745 438 808 eximia
454 753 545 809 ueste
561 754 594 810 et
611 746 704 809 uiotu
721 747 884 823 conuiuia,
901 747 983 824 ludi,

318 856 436 932 poeula
455 857 578 932 erebra,
597 863 768 933 unguenta
787 876 924 920 coronae
942 864 1030 920 serta
1049 863 1222 934 parantur,

274 964 527 1042 -nequiquam‚
546 965 700 1042 quoniam
718 966 824 1028 medio
843 967 882 1029 de
901 965 994 1029 fonte
1012 967 1162 1043 leporum

318 1074 425 1151 surgit
442 1074 546 1137 amari
562 1074 681 1152 aliquit
697 1076 784 1152 quod
801 1075 836 1136 in
853 1075 933 1154 ipsis
949 1075 1085 1137 floribus
1101 1082 1212 1153 angat,

318 1190 377 1245 aut
393 1204 467 1246 eum
483 1183 631 1246 oonseius
645 1185 714 1262 ipse
730 1185 860 1247 animus
874 1206 907 1248 se
923 1184 1010 1247 forte
1026 1187 1192 1248 remordet

316 1292 476 1356 desidiose
493 1313 588 1370 agere
604 1300 744 1357 aetatem
760 1294 938 1371 lustrisque
954 1294 1072 1373 perire,

319 1409 377 1465 aut
394 1404 482 1479 quod
499 1403 534 1464 in
552 1403 706 1480 ambiguo
721 1405 859 1466 uerbum
877 1403 1021 1469 iaculata
1038 1403 1174 1481 reliquit

214 1592 218 1600 Ι
318 1513 406 1589 quod
422 1512 545 1589 cupido
559 1512 704 1575 adfixum
721 1513 812 1575 eordi
827 1512 968 1575 uiueseit
983 1520 1021 1575 ut
1037 1512 1133 1590 ignis

318 1628 377 1684 aut
393 1621 532 1683 nimium
548 1622 671 1685 iaetare
688 1623 797 1684 oeulos
812 1622 956 1686 aliumue
971 1622 1059 1685 tueri

318 1731 406 1808 quod
420 1737 518 1808 putat
533 1730 568 1792 in
582 1733 741 1808 uoltuque
755 1731 849 1794 uidet
863 1731 1005 1809 uestigia
1019 1731 1115 1793 risus.

1380 1157 1432 1213 1135

1394 1686 1444 1746 1140

381 1925 492 2001 Atque
508 1924 543 1986 in
561 1945 669 1989 amore
685 1926 774 1988 mala
788 1927 867 1988 haee
884 1926 1021 2004 proprio
1037 1947 1225 2003 summeque
1241 1906 1389 1988 seeund⁰

318 2033 555 2110 inueniuntur;
572 2034 608 2095 in
626 2036 764 2097 aduerso
781 2055 861 2097 uero
877 2042 975 2111 atque
993 2035 1085 2112 inopi
1101 2043 1189 2112 sunt,

318 2144 480 2221 prendere
499 2165 582 2221 quae
601 2145 704 2221 possis
722 2146 890 2207 oculorum
909 2145 1033 2208 lumine
1052 2152 1175 2222 operto,

319 2252 590 2330 innumerabilia;
608 2261 645 2316 ut
662 2254 779 2317 melius
796 2254 936 2332 uigilare
954 2254 996 2316 sit
1014 2262 1100 2331 ante,

319 2383 384 2440 qua
400 2362 496 2425 docui
512 2363 650 2439 ratione,
668 2384 848 2440 seuereque
864 2385 904 2427 ne
921 2363 1090 2426 inlieiaris

291 2529 295 2540 ,
318 2493 395 2534 nam
411 2472 529 2548 uitare,
547 2473 662 2550 plagas
679 2473 714 2533 in
732 2473 851 2536 amoris
867 2493 908 2534 ne
925 2473 1094 2550 iaciamur,

318 2602 384 2643 non
401 2582 449 2644 ita
466 2582 595 2645 diffieile
611 2590 659 2645 est
675 2602 774 2658 quam
790 2589 925 2660 captum
941 2583 1067 2645 retibus
1083 2582 1163 2660 ipsis

318 2691 406 2752 exire
422 2698 453 2754 et
469 2692 597 2754 ualidos
612 2692 751 2754 Veneris
767 2712 980 2769 perrumpere
996 2693 1107 2755 nodos.

275 2807 351 2863 -et
367 2807 478 2863 tamen
494 2801 674 2878 implicitus
691 2821 819 2878 quoque
835 2801 939 2878 possis
955 2801 1054 2878 inque
1071 2801 1204 2878 peditus

297 2892 299 2895 V
319 2910 462 2986 effugere
478 2892 647 2987 infestumq
664 2910 728 2972 nisi
744 2916 815 2973 tute
832 2910 893 2973 tibi
910 2911 1028 2972 obuius
1043 2912 1148 2972 obstes

319 3026 351 3082 et
368 3020 614 3097 praetermittas
631 3020 733 3083 animi
749 3020 834 3083 uitia
851 3020 958 3082 omnia
977 3000 1121 3097 primum

319 3135 377 3191 aut
393 3149 476 3205 quae
492 3130 636 3207 eorpori'
652 3136 730 3191 sunt
746 3130 824 3206 eius,
841 3150 939 3206 quam
955 3129 1122 3207 praepetis
1138 3150 1175 3193 ae
1190 3129 1251 3191 uis.

319 3258 396 3302 nam
414 3238 544 3301 faciunt
562 3239 708 3301 homines
727 3241 921 3316 plerumque
938 3238 1094 3316 cupidine
1112 3238 1199 3302 eaeoi

319 3355 351 3410 et
365 3348 520 3411 tribuunt
536 3369 573 3412 ea
588 3369 671 3426 quae
687 3369 754 3411 non
769 3356 847 3411 sunt
862 3348 913 3410 his
928 3349 1096 3411 eommoda
1111 3369 1198 3411 uere.

318 3458 521 3520 multimodis
539 3457 643 3534 igitur
659 3478 783 3535 prauas
799 3458 973 3535 turpisque
989 3458 1140 3520 uidemus

319 3588 385 3630 esse
401 3567 436 3628 in
452 3567 579 3629 deliciis
595 3588 784 3644 summoque
802 3567 837 3628 in
852 3569 974 3629 honore
991 3567 1113 3644 uigere.

319 3683 418 3753 atque
434 3676 515 3739 alios
532 3677 589 3740 alii
606 3677 754 3739 inrident
770 3679 996 3753 Veneremque
1013 3677 1153 3739 suadent

318 3793 356 3849 ut
373 3786 514 3863 placent,
531 3786 685 3862 quoniam
703 3786 800 3849 foedo
816 3786 1029 3848 adflictentur
1046 3804 1164 3861 amore,

318 3916 377 3958 nee
392 3916 451 3958 sua
465 3895 648 3973 respiciunt
663 3895 773 3957 miseri
786 3897 874 3958 mala
887 3894 1031 3958 maxima
1044 3915 1149 3971 saepe.

346 4005 352 4016 .
500 4005 506 4016 .
712 4004 717 4015 .
989 4003 995 4015 .
1393 3963 1448 4024 1160

319 4026 417 4083 angra
432 4005 608 4068 mehehrus
626 4012 690 4080 est;
709 4005 869 4067 rnmunda
887 4012 918 4067 et
936 4004 1042 4066 fetlda
1059 4024 1219 4080 aeosmos3

814 4194 887 4246 [158]
