3234 4686
612 473 664 522 Da
682 472 815 522 RERVM
831 471 986 521 NATVRA
1010 472 1050 521 Vl

320 687 436 752 siccari
451 687 622 766 mollisque
637 688 701 751 luti
717 707 921 751 concrescere
937 695 1074 751 crustas.

319 806 491 875 praeterea
508 797 605 861 docui
621 798 764 860 multum
781 779 910 875 queque
926 798 1042 861 tollere
1057 798 1161 859 nubes

319 926 466 971 umorem
483 928 603 985 magno
619 914 813 986 conceptum
831 927 870 969 ex
888 927 1027 984 aequore
1045 905 1139 984 ponti

320 1025 352 1081 et
369 1017 490 1096 passim
506 1024 576 1081 toto
592 1024 759 1080 terrarum
775 1038 930 1095 spargere
948 1016 983 1077 in
1001 1016 1082 1092 orbi,
1149 1068 1151 1074 .

320 1148 394 1190 cum
410 1126 498 1206 pluit
514 1127 549 1188 in
564 1126 663 1190 terris
680 1134 712 1190 et
727 1126 821 1189 uenti
837 1126 953 1189 nubila
968 1133 1115 1203 portant.

276 1243 485 1314 —postremo
500 1236 655 1314 quoniam
671 1257 749 1299 raro
764 1257 838 1298 cum
856 1256 990 1314 corpore
1007 1237 1106 1298 tellus

320 1354 378 1423 est,
395 1353 428 1410 et
443 1346 659 1422 coniunctast,
677 1366 751 1409 oras
767 1346 867 1408 maris
884 1345 1032 1422 undique
1049 1345 1192 1422 cingens,

320 1457 425 1533 debet,
442 1464 480 1519 ut
497 1456 532 1517 in
547 1476 637 1519 mare
654 1457 693 1519 de
709 1456 809 1518 terris
823 1456 916 1518 uenit
932 1475 1027 1517 umor
1044 1454 1152 1532 aquai,
1182 1512 1186 1520 .

319 1566 355 1627 in
372 1573 479 1629 terras
496 1565 611 1628 itidem
627 1585 762 1628 manare
780 1585 819 1627 ex
837 1585 976 1642 aequore
993 1566 1086 1627 salso.

304 1676 510 1754 (percolatur
527 1675 613 1739 enim
629 1676 724 1738 uirus
741 1682 893 1752 retroque
910 1681 1059 1737 remanat

319 1785 472 1849 materies
489 1785 613 1847 umoris
631 1792 663 1849 et
681 1786 723 1847 ad
741 1791 842 1862 caput
860 1784 1011 1847 amnibus
1029 1784 1133 1846 omnis

320 1894 466 1972 confluit,
482 1895 559 1957 inde
574 1914 674 1972 super
689 1901 796 1957 terras
811 1893 898 1956 redit
914 1894 1043 1970 agmine
1060 1892 1150 1956 dulci

320 2025 386 2082 qua
402 2004 459 2068 uia
475 2011 562 2067 secta
579 2005 677 2067 semel
693 2004 821 2081 liquido
837 2004 919 2081 pede
937 2003 1057 2066 detulit
1074 2002 1207 2078 undas.)
1218 1999 1235 2087 Η

750 2279 800 2328 DE
819 2278 950 2328 AETNA

382 2369 479 2430 Nunc
496 2369 582 2431 ratio
597 2389 680 2445 quae
696 2368 748 2444 sit,
765 2388 824 2445 per
839 2367 953 2430 fauces
968 2367 1088 2430 montis
1102 2373 1141 2429 ut
1156 2368 1286 2429 Aetnae

320 2479 472 2556 expirent
489 2477 581 2555 ignes
597 2478 765 2540 interdum
782 2478 916 2539 turbine
932 2482 1036 2553 tanto,

320 2587 501 2665 expediam.
540 2564 645 2663 neque
662 2587 748 2650 enim
764 2586 921 2649 mediocri
938 2587 1030 2649 clade
1047 2593 1157 2649 coorta

320 2697 469 2760 flammae
486 2703 663 2774 tempestas
679 2695 827 2759 Siculum
844 2695 1012 2758 dominata
1028 2716 1088 2773 per
1105 2712 1201 2773 agros

319 2806 470 2869 finitimis
485 2807 527 2869 ad
543 2827 576 2870 se
593 2805 758 2868 conuertit
774 2805 927 2883 gentibus
943 2825 1010 2881 ora,
1198 2813 1200 2816 ’

320 2916 450 2979 fumida
467 2936 541 2978 cum
558 2915 639 2978 caeli
656 2915 836 2978 scintillare
854 2914 963 2977 omnia
980 2914 1103 2993 templa

320 3033 490 3089 cernentes
509 3025 633 3103 pauida
652 3025 858 3102 complebant
877 3031 1010 3101 pectora
1029 3043 1118 3099 cura,

320 3135 401 3213 quid
417 3135 589 3197 moliretur
606 3155 716 3196 rerum
733 3140 855 3196 natura
870 3153 1042 3196 nouarum.

383 3328 482 3391 Hisce
500 3328 562 3391 tibi
580 3328 614 3389 in
634 3329 730 3390 rebus
748 3328 846 3390 latest
865 3328 994 3403 alteque
1012 3326 1195 3388 uidendum

321 3446 352 3501 et
368 3439 464 3514 longe
481 3444 616 3500 cunctas
632 3437 667 3497 in
684 3437 791 3514 partis
807 3435 1058 3514 dispiciendum,

320 3555 358 3610 ut
376 3546 597 3609 reminiscaris
613 3567 773 3608 summam
788 3566 899 3607 rerum
916 3565 983 3608 esse
999 3544 1203 3622 profundam

321 3663 353 3720 et
369 3656 483 3719 uideas
501 3656 627 3718 caelum
643 3655 782 3717 summai
800 3655 903 3717 totius
919 3675 1024 3716 unum

320 3786 419 3844 quam
435 3765 479 3827 sit
495 3765 634 3842 paruola
651 3785 729 3842 pars
745 3772 776 3827 et
793 3784 892 3840 quam
907 3763 1094 3826 multesima
1109 3768 1236 3825 constet

320 3897 379 3939 nec
395 3881 467 3938 tota
482 3895 569 3952 pars,
586 3875 682 3935 homo
697 3873 800 3936 terrai
816 3880 917 3950 quota
933 3872 1035 3935 totius
1051 3893 1147 3934 unus.

277 3985 408 4061 —quod
425 3985 506 4045 bene
524 3983 729 4060 propositum
748 3982 776 4044 si
793 3983 891 4059 plane
909 3988 1083 4044 contueare

322 4113 359 4155 ac
377 4092 492 4155 uideas
510 4092 617 4169 plane,
636 4090 751 4152 mirari
769 4091 874 4153 multa
891 4090 1068 4167 relinquas.

817 4238 890 4289 [236]
