3234 4686
595 976 599 979 ,
709 927 745 989 r.
769 927 967 991 nvonnrr
992 929 1100 992 enar

598 1104 674 1178 DE
694 1104 899 1180 RERVM
917 1106 958 1181 N
958 1105 1155 1182 Arvas

752 1282 855 1344 brana
871 1282 1000 1346 Snxrvs

435 1497 565 1561 Primae
585 1491 778 1577 frugiparos
798 1500 888 1564 fetus
907 1502 1101 1565 mortalibus
1122 1503 1230 1580 aegris

372 1607 567 1670 dididerunt
583 1609 749 1686 quondam
765 1612 936 1687 praeclaro
951 1612 1082 1675 nomine
1098 1613 1249 1676 Athenae

371 1723 404 1779 et
420 1725 656 1781 recreauerunt
672 1719 778 1782 uitam
794 1721 944 1798 legesque
962 1730 1133 1799 rogarunt,

372 1833 404 1889 et
419 1827 545 1904 primae
560 1829 725 1892 dederunt
740 1829 861 1893 solacia
876 1831 986 1894 dulcia
1001 1831 1101 1908 uitae,

256 1949 259 1956 '
371 1957 446 1998 oum
460 1957 602 2015 genuere
617 1937 729 2001 uirum
745 1939 806 2002 tali
822 1961 896 2002 cum
911 1941 1008 2003 corde
1024 1948 1202 2019 repertum,

371 2045 480 2109 omnia
495 2047 643 2110 ueridico
658 2048 715 2126 qui
731 2050 897 2126 quondam
913 2071 952 2113 ex
967 2070 1023 2114 ore
1039 2050 1210 2128 profudit3

371 2154 465 2218 ouius
481 2164 513 2218 et
530 2156 668 2220 extincti
684 2165 821 2236 propter
838 2158 956 2222 diuina
970 2167 1103 2237 reperta

371 2265 653 2344 diuolgatauetus
668 2267 734 2330 iam
748 2269 790 2329 ad
807 2269 933 2331 eaelum
948 2269 1053 2347 gloria
1069 2269 1188 2333 fertur.

370 2395 447 2438 nam
463 2396 537 2438 oum
551 2376 639 2438 uidit
654 2377 707 2440 hie
724 2379 766 2441 ad
781 2376 909 2441 uictum
924 2399 1007 2456 quae
1024 2379 1153 2457 flagitat
1167 2400 1247 2442 usus

371 2486 480 2548 omnia
497 2486 562 2548 iam
579 2486 683 2550 ferme
699 2488 894 2550 mortalibus
912 2509 978 2552 esse
995 2497 1115 2567 parata

326 2632 330 2643 ι
371 2602 412 2671 et,
431 2615 592 2672 proquam
609 2604 750 2674 possent,
768 2597 874 2660 uitam
890 2597 1066 2660 consistere
1083 2605 1200 2675 tutam,

371 2704 500 2767 diuitiis
516 2705 663 2769 homines
680 2712 712 2769 et
728 2707 850 2770 honore
868 2714 901 2771 et
916 2708 1014 2771 laude
1032 2708 1176 2786 potentis

370 2814 515 2877 adfluere
532 2822 630 2894 atque
646 2817 731 2879 bona
747 2823 923 2894 gnatorum
939 2818 1095 2881 excellere
1112 2817 1212 2895 fama,

369 2944 429 2987 nec
445 2924 555 2987 minus
573 2946 639 2988 esse
656 2925 744 2988 domi
761 2925 915 3003 cuiquam
931 2934 1042 2989 tamen
1059 2928 1158 2989 anxia
1175 2929 1284 3005 eorda,

370 3040 469 3111 atque
487 3035 589 3097 animi
607 3035 748 3112 ingratis
765 3036 870 3098 uitam
887 3056 1008 3099 nexare
1027 3037 1180 3114 querellis

370 3164 475 3221 pausa
490 3151 589 3221 atque
606 3144 737 3207 infestis
755 3144 845 3223 cogei
860 3145 988 3209 saeuire
1005 3146 1168 3223 querellis,

368 3253 533 3331 intellegit
549 3253 596 3316 ibi
611 3254 734 3316 uitium
749 3275 809 3317 uas
826 3255 949 3318 efficere
966 3254 1076 3333 ipsum

369 3364 542 3440 omniaque
558 3364 649 3425 illius
664 3363 749 3426 uitio
765 3363 969 3442 corrumpier
985 3364 1076 3427 intus

369 3493 452 3565 quae
467 3474 598 3536 conlata
613 3472 696 3535 foris
711 3480 743 3535 et
759 3475 926 3537 commoda
941 3495 1079 3551 cumque
1093 3474 1265 3551 uenirent;

369 3582 493 3660 partim
510 3584 597 3659 quod
614 3583 740 3644 fluxum
757 3589 993 3661 pertusumque
1010 3604 1077 3647 esse
1094 3584 1239 3661 uidebat,

368 3699 406 3755 ut
423 3693 517 3754 nulla
534 3701 642 3770 posset
660 3693 787 3755 ratione
805 3692 968 3770 explerier
985 3714 1158 3770 umquam;

369 3801 492 3879 partim
510 3803 597 3879 quod
614 3809 722 3864 taetro
739 3802 832 3879 quasi
850 3822 1068 3880 conspurcare
1086 3823 1201 3880 sapore

397 3935 428 3982 11
439 3934 511 3995 culp.
528 3937 625 3998 posset

397 4002 430 4050 14
440 4001 519 4052 cordi
553 4001 619 4062 fort.
637 4001 730 4051 cordis

397 4071 429 4119 15
440 4069 513 4130 vulp.
530 4070 624 4127 <sine
639 4069 730 4127 ulla>

397 4138 430 4186 16
441 4137 508 4198 fort.
523 4151 632 4186 causam
