3190 4682
630 428 681 476 DE
699 428 831 477 RERVM
849 427 1003 476 NATVRA
1023 428 1073 477 111

245 673 250 683 ·
337 643 422 706 adde
437 641 692 705 Heliconiadum
709 642 858 719 comites;
875 662 1015 720 quorum
1030 663 1118 705 unus
1134 644 1302 706 Homerus

336 759 468 829 sceptra
481 751 609 830 potitus
622 753 734 814 eadem
749 752 822 814 aliis
836 752 961 830 sopitu’
977 751 1127 830 quietest.

336 852 478 930 denique
496 853 721 916 Democritum
738 860 912 931 postquam
929 859 1062 916 matura
1078 860 1228 917 uetustas

336 963 509 1026 admonuit
524 983 681 1026 memores
696 969 804 1026 motus
819 965 1029 1041 languescere
1044 964 1173 1041 mentis,

336 1078 453 1150 sponte
470 1092 530 1136 sua
545 1073 612 1136 leto
628 1081 730 1151 caput
746 1073 863 1136 obuius
880 1072 1003 1151 optulit
1019 1074 1098 1151 ipse.

334 1181 406 1259 ipse
424 1181 592 1259 Epicurus
607 1182 677 1245 obit
692 1183 831 1245 decurso
846 1182 970 1246 lumine
987 1182 1087 1260 uitae,

336 1291 394 1368 qui
410 1312 513 1369 genus
528 1293 710 1354 humanum
726 1291 860 1370 ingenio
876 1291 1049 1370 superauit
1066 1299 1098 1355 et
1114 1291 1219 1354 omnis

336 1401 500 1477 restinxit,
518 1402 629 1464 stellas
645 1408 778 1464 exortus
794 1408 832 1464 ut
850 1401 959 1465 aerius
974 1403 1031 1464 sol.

293 1515 374 1573 -tu
388 1531 469 1574 uero
482 1510 650 1573 dubitabis
665 1518 697 1574 et
711 1511 927 1588 indignabere
942 1511 1052 1573 obiret

336 1626 466 1683 mortua
483 1620 537 1683 cui
552 1619 624 1683 uita
640 1625 688 1682 est
705 1641 808 1698 prope
825 1620 891 1684 iam
906 1620 988 1683 uiuo
1002 1627 1101 1697 atque
1116 1620 1256 1698 uidenti,

336 1729 393 1807 qui
408 1750 521 1792 somno
535 1737 664 1807 partem
680 1729 837 1793 maiorem
852 1729 994 1793 conteris
1010 1729 1085 1793 aeui

336 1846 368 1902 et
382 1839 527 1916 uigilans
541 1839 653 1902 stertis
667 1860 726 1901 uec
741 1839 868 1903 somnia
882 1859 1014 1902 cernere
1030 1859 1134 1902 cessas

336 1949 573 2026 sollicitamque
590 1949 676 2027 geris
693 1970 784 2012 cassa
800 1948 979 2012 formidine
994 1956 1136 2012 mentem

336 2078 395 2120 nec
411 2058 556 2136 reperire
573 2066 666 2136 potes
681 2058 744 2121 tibi
759 2058 840 2135 quid
856 2058 901 2125 sit
916 2078 1012 2136 saepe
1027 2058 1116 2136 mali,
1133 2079 1207 2122 cum

336 2168 446 2230 ebrius
462 2167 591 2245 urgeris
608 2167 722 2230 multis
738 2167 837 2231 miser
854 2167 1002 2245 undique
1019 2167 1107 2230 curis
1162 2222 1164 2227 .

336 2284 435 2354 atque
452 2277 553 2340 animi
571 2277 697 2339 incerto
713 2277 848 2340 fluitans
866 2298 976 2341 errore
992 2277 1151 2355 negaris)

399 2471 434 2535 Si
452 2479 585 2549 possent
601 2472 756 2547 homines
776 2472 915 2549 proinde
932 2492 969 2535 ac
987 2472 1108 2534 sentire
1126 2472 1286 2535 uidentur

335 2582 466 2659 pondus
482 2581 585 2643 inesse
602 2582 712 2644 animo
727 2583 815 2659 quod
831 2602 864 2644 se
881 2581 1047 2660 grauitate
1064 2581 1194 2659 fatiget,

336 2713 353 2755 e
370 2691 489 2768 quibus
504 2691 539 2753 id
555 2690 615 2753 fiat
631 2691 739 2753 causis
753 2711 882 2768 quoque
898 2711 1030 2754 noscere
1046 2698 1078 2753 et
1095 2692 1184 2754 unde

335 2807 432 2863 tanta
445 2800 524 2863 mali
540 2807 709 2877 tamquam
724 2802 824 2862 moles
839 2800 875 2861 in
891 2807 1022 2878 pectore
1038 2806 1171 2876 constet,

334 2910 416 2973 haut
432 2909 480 2972 ita
493 2910 599 2972 uitam
614 2918 758 2988 agerent,
773 2916 812 2972 ut
825 2930 914 2972 nunc
930 2911 1124 2988 plerumque
1139 2909 1291 2974 uidemus

336 3019 416 3096 quid
432 3019 494 3082 sibi
510 3019 647 3097 quisque
664 3019 746 3081 uelit
762 3019 886 3081 nescire
902 3026 934 3082 et
951 3039 1107 3096 quaerere
1123 3038 1251 3096 semper

336 3136 535 3192 commutare
551 3130 658 3191 locum
675 3128 769 3212 quasi
786 3148 868 3191 onus
885 3129 1047 3206 deponere
1064 3127 1176 3206 possit.

336 3238 403 3301 exit
418 3257 513 3316 saepe
529 3237 619 3300 foras
634 3238 763 3315 magnis
778 3258 818 3299 ex
833 3238 969 3300 aedibus
984 3238 1048 3314 ille,

335 3368 401 3411 esse
421 3347 509 3410 domi
529 3368 702 3425 perquem
722 3353 890 3423 taesumst,
910 3347 1083 3424 subitoque
1108 3347 1353 3425 <remigrat>,

335 3457 459 3535 quippe
475 3456 558 3519 foris
573 3456 678 3519 nihilo
692 3457 809 3519 melius
824 3456 881 3533 qui
897 3457 1018 3519 sentiat
1033 3477 1109 3519 esse.
1132 3475 1135 3481 ¹

335 3567 441 3629 currit
458 3587 557 3643 agens
572 3587 710 3629 mannos
727 3568 769 3628 ad
784 3566 901 3628 uillam
916 3565 1185 3644 praecipitanter,

335 3675 496 3739 auxilium
514 3675 609 3739 tectis
627 3675 721 3752 quasi
740 3676 828 3738 ferre
847 3674 1041 3738 ardentibus
1057 3675 1202 3750 instans;

335 3786 451 3848 oscitat
466 3786 637 3862 extemplo,
653 3784 764 3862 tetigit
779 3805 853 3846 cum
867 3783 983 3847 limina
996 3784 1105 3860 uillae,

335 3902 393 3958 aut
409 3895 477 3957 abit
493 3894 528 3955 in
540 3895 692 3960 somnum
708 3893 820 3971 grauis
836 3900 934 3970 atque
951 3892 1073 3956 obliuia
1089 3892 1229 3970 quaerit,

1413 3760 1471 3821 1065

329 4027 396 4076 1044
406 4026 478 4087 vulp.
495 4026 640 4076 aetherius

331 4095 398 4144 1061
409 4095 481 4155 culp.
501 4093 614 4143 revertit
