<?xml version="1.0" encoding="UTF-8"?>
<!DOCTYPE html PUBLIC "-//W3C//DTD XHTML 1.0 Transitional//EN"
    "http://www.w3.org/TR/xhtml1/DTD/xhtml1-transitional.dtd">
<html xmlns="http://www.w3.org/1999/xhtml" xml:lang="en" lang="en">
 <head>
  <title>
</title>
<meta http-equiv="Content-Type" content="text/html;charset=utf-8" />
  <meta name='ocr-system' content='tesseract 3.04.00' />
  <meta name='ocr-capabilities' content='ocr_page ocr_carea ocr_par ocr_line ocrx_word'/>
</head>
<body>
  <div class='ocr_page' id='page_1' title='image "./lvcretiderervmn00merrgoog_0246.png"; bbox 0 0 3234 4686; ppageno 0'>
   <div class='ocr_carea' id='block_1_1' title="bbox 569 486 891 538">
    <p class='ocr_par' dir='ltr' id='par_1_1' title="bbox 569 486 891 538">
     <span class='ocr_line' id='line_1_1' title="bbox 569 486 891 538; baseline 0 -2"><span class='ocrx_word' id='word_1_1' title='bbox 569 487 599 536; x_wconf 82' lang='grc' dir='ltr'>Τ.</span> <span class='ocrx_word' id='word_1_2' title='bbox 621 486 783 538; x_wconf 77' lang='lat' dir='ltr'><em>LVCBBTI</em></span> <span class='ocrx_word' id='word_1_3' title='bbox 803 486 891 537; x_wconf 66' lang='lat' dir='ltr'>canl</span> 
     </span>
    </p>
   </div>
   <div class='ocr_carea' id='block_1_2' title="bbox 76 702 1133 1219">
    <p class='ocr_par' dir='ltr' id='par_1_2' title="bbox 76 702 1133 1219">
     <span class='ocr_line' id='line_1_2' title="bbox 76 702 1070 782; baseline -0.004 -14"><span class='ocrx_word' id='word_1_4' title='bbox 76 706 78 709; x_wconf 76' lang='grc'><strong>’</strong></span> <span class='ocrx_word' id='word_1_5' title='bbox 194 706 308 768; x_wconf 82' lang='lat' dir='ltr'><strong>subter</strong></span> <span class='ocrx_word' id='word_1_6' title='bbox 325 703 404 767; x_wconf 92' lang='lat' dir='ltr'>item</span> <span class='ocrx_word' id='word_1_7' title='bbox 420 710 459 766; x_wconf 89' lang='lat' dir='ltr'>ut</span> <span class='ocrx_word' id='word_1_8' title='bbox 475 723 596 782; x_wconf 90' lang='lat' dir='ltr'>supera</span> <span class='ocrx_word' id='word_1_9' title='bbox 611 702 757 766; x_wconf 90' lang='lat' dir='ltr'>uentosis</span> <span class='ocrx_word' id='word_1_10' title='bbox 773 702 920 780; x_wconf 90' lang='lat' dir='ltr'>undique</span> <span class='ocrx_word' id='word_1_11' title='bbox 937 703 1070 780; x_wconf 83' lang='lat' dir='ltr'><strong>plenam</strong></span> 
     </span>
     <span class='ocr_line' id='line_1_3' title="bbox 194 805 1113 892; baseline -0.002 -15"><span class='ocrx_word' id='word_1_12' title='bbox 194 805 362 892; x_wconf 78' lang='lat' dir='ltr'>speluncis</span> <span class='ocrx_word' id='word_1_13' title='bbox 378 814 563 890; x_wconf 89' lang='lat' dir='ltr'>multosque</span> <span class='ocrx_word' id='word_1_14' title='bbox 581 813 672 876; x_wconf 89' lang='lat' dir='ltr'>lacus</span> <span class='ocrx_word' id='word_1_15' title='bbox 690 813 876 890; x_wconf 86' lang='lat' dir='ltr'>multasque</span> <span class='ocrx_word' id='word_1_16' title='bbox 893 812 1033 875; x_wconf 86' lang='lat' dir='ltr'>lucunas</span> <span class='ocrx_word' id='word_1_17' title='bbox 1111 882 1113 886; x_wconf 11' lang='grc' dir='ltr'><em>Α</em></span> 
     </span>
     <span class='ocr_line' id='line_1_4' title="bbox 195 923 1001 1002; baseline -0.001 -17"><span class='ocrx_word' id='word_1_18' title='bbox 195 924 230 985; x_wconf 91' lang='lat' dir='ltr'>in</span> <span class='ocrx_word' id='word_1_19' title='bbox 246 923 372 1002; x_wconf 82' lang='lat' dir='ltr'>gremio</span> <span class='ocrx_word' id='word_1_20' title='bbox 387 943 499 1002; x_wconf 79' lang='lat' dir='ltr'>gerere</span> <span class='ocrx_word' id='word_1_21' title='bbox 515 929 548 986; x_wconf 92' lang='lat' dir='ltr'>et</span> <span class='ocrx_word' id='word_1_22' title='bbox 564 942 665 1002; x_wconf 88' lang='lat' dir='ltr'>rupes</span> <span class='ocrx_word' id='word_1_23' title='bbox 681 923 888 1001; x_wconf 82' lang='lat' dir='ltr'>deruptaque</span> <span class='ocrx_word' id='word_1_24' title='bbox 904 942 1001 999; x_wconf 88' lang='lat' dir='ltr'>saxa;</span> 
     </span>
     <span class='ocr_line' id='line_1_5' title="bbox 194 1032 931 1111; baseline 0 -16"><span class='ocrx_word' id='word_1_25' title='bbox 194 1034 365 1111; x_wconf 91' lang='lat' dir='ltr'>multaque</span> <span class='ocrx_word' id='word_1_26' title='bbox 381 1034 442 1096; x_wconf 90' lang='lat' dir='ltr'>sub</span> <span class='ocrx_word' id='word_1_27' title='bbox 458 1040 553 1111; x_wconf 80' lang='lat' dir='ltr'>tergo</span> <span class='ocrx_word' id='word_1_28' title='bbox 569 1032 672 1096; x_wconf 85' lang='lat' dir='ltr'>terrai</span> <span class='ocrx_word' id='word_1_29' title='bbox 689 1032 827 1095; x_wconf 87' lang='lat' dir='ltr'>flumina</span> <span class='ocrx_word' id='word_1_30' title='bbox 843 1038 931 1095; x_wconf 91' lang='lat' dir='ltr'>tecta</span> 
     </span>
     <span class='ocr_line' id='line_1_6' title="bbox 194 1141 1133 1219; baseline -0.002 -13"><span class='ocrx_word' id='word_1_31' title='bbox 194 1144 329 1206; x_wconf 92' lang='lat' dir='ltr'>uoluere</span> <span class='ocrx_word' id='word_1_32' title='bbox 346 1142 383 1205; x_wconf 92' lang='lat' dir='ltr'>ui</span> <span class='ocrx_word' id='word_1_33' title='bbox 400 1142 521 1205; x_wconf 88' lang='lat' dir='ltr'>fluctus</span> <span class='ocrx_word' id='word_1_34' title='bbox 538 1161 781 1219; x_wconf 86' lang='lat' dir='ltr'>summersaque</span> <span class='ocrx_word' id='word_1_35' title='bbox 799 1161 879 1204; x_wconf 85' lang='lat' dir='ltr'>saxa</span> <span class='ocrx_word' id='word_1_36' title='bbox 896 1141 1133 1219; x_wconf 86' lang='lat' dir='ltr'>putandumst;</span> 
     </span>
    </p>
   </div>
   <div class='ocr_carea' id='block_1_3' title="bbox 103 1250 1145 3964">
    <p class='ocr_par' dir='ltr' id='par_1_3' title="bbox 194 1250 1115 1769">
     <span class='ocr_line' id='line_1_7' title="bbox 195 1250 1115 1339; baseline 0 -25"><span class='ocrx_word' id='word_1_37' title='bbox 195 1252 343 1329; x_wconf 88' lang='lat' dir='ltr'>undique</span> <span class='ocrx_word' id='word_1_38' title='bbox 357 1251 445 1314; x_wconf 86' lang='lat' dir='ltr'>enim</span> <span class='ocrx_word' id='word_1_39' title='bbox 459 1251 598 1315; x_wconf 83' lang='lat' dir='ltr'>similem</span> <span class='ocrx_word' id='word_1_40' title='bbox 612 1272 680 1315; x_wconf 88' lang='lat' dir='ltr'>esse</span> <span class='ocrx_word' id='word_1_41' title='bbox 694 1251 746 1314; x_wconf 91' lang='lat' dir='ltr'>sui</span> <span class='ocrx_word' id='word_1_42' title='bbox 760 1272 812 1314; x_wconf 92' lang='lat' dir='ltr'>res</span> <span class='ocrx_word' id='word_1_43' title='bbox 827 1251 973 1329; x_wconf 86' lang='lat' dir='ltr'>postulat</span> <span class='ocrx_word' id='word_1_44' title='bbox 989 1250 1071 1329; x_wconf 87' lang='lat' dir='ltr'>ipsa.</span> <span class='ocrx_word' id='word_1_45' title='bbox 1113 1336 1115 1339; x_wconf 12' lang='lat' dir='ltr'>v</span> 
     </span>
     <span class='ocr_line' id='line_1_8' title="bbox 195 1360 945 1440; baseline -0.003 -16"><span class='ocrx_word' id='word_1_46' title='bbox 195 1362 246 1424; x_wconf 84' lang='lat' dir='ltr'>bis</span> <span class='ocrx_word' id='word_1_47' title='bbox 263 1362 368 1440; x_wconf 82' lang='lat' dir='ltr'>igitur</span> <span class='ocrx_word' id='word_1_48' title='bbox 385 1363 483 1424; x_wconf 87' lang='lat' dir='ltr'>rebus</span> <span class='ocrx_word' id='word_1_49' title='bbox 499 1361 684 1425; x_wconf 89' lang='lat' dir='ltr'>subiunctis</span> <span class='ocrx_word' id='word_1_50' title='bbox 701 1360 945 1440; x_wconf 82' lang='lat' dir='ltr'>suppositisque</span> 
     </span>
     <span class='ocr_line' id='line_1_9' title="bbox 194 1469 1021 1551; baseline -0.004 -16"><span class='ocrx_word' id='word_1_51' title='bbox 194 1479 286 1535; x_wconf 92' lang='lat' dir='ltr'>terra</span> <span class='ocrx_word' id='word_1_52' title='bbox 300 1492 443 1551; x_wconf 90' lang='lat' dir='ltr'>superne</span> <span class='ocrx_word' id='word_1_53' title='bbox 458 1471 572 1535; x_wconf 90' lang='lat' dir='ltr'>tremit</span> <span class='ocrx_word' id='word_1_54' title='bbox 588 1470 716 1549; x_wconf 74' lang='lat' dir='ltr'>magnis</span> <span class='ocrx_word' id='word_1_55' title='bbox 732 1490 889 1533; x_wconf 88' lang='lat' dir='ltr'>concussa</span> <span class='ocrx_word' id='word_1_56' title='bbox 904 1469 1021 1547; x_wconf 86' lang='lat' dir='ltr'>ruinis,</span> 
     </span>
     <span class='ocr_line' id='line_1_10' title="bbox 195 1579 1004 1659; baseline -0.002 -15"><span class='ocrx_word' id='word_1_57' title='bbox 195 1583 308 1644; x_wconf 88' lang='lat' dir='ltr'>subter</span> <span class='ocrx_word' id='word_1_58' title='bbox 323 1581 382 1644; x_wconf 92' lang='lat' dir='ltr'>ubi</span> <span class='ocrx_word' id='word_1_59' title='bbox 397 1580 542 1659; x_wconf 81' lang='lat' dir='ltr'>ingentis</span> <span class='ocrx_word' id='word_1_60' title='bbox 558 1581 732 1658; x_wconf 81' lang='lat' dir='ltr'>speluncas</span> <span class='ocrx_word' id='word_1_61' title='bbox 748 1579 880 1642; x_wconf 87' lang='lat' dir='ltr'>subruit</span> <span class='ocrx_word' id='word_1_62' title='bbox 897 1585 1004 1657; x_wconf 81' lang='lat' dir='ltr'>aetas3</span> 
     </span>
     <span class='ocr_line' id='line_1_11' title="bbox 194 1690 1025 1769; baseline -0.001 -15"><span class='ocrx_word' id='word_1_63' title='bbox 194 1691 319 1769; x_wconf 89' lang='lat' dir='ltr'>quippe</span> <span class='ocrx_word' id='word_1_64' title='bbox 334 1691 459 1754; x_wconf 90' lang='lat' dir='ltr'>cadunt</span> <span class='ocrx_word' id='word_1_65' title='bbox 473 1690 536 1753; x_wconf 85' lang='lat' dir='ltr'>toti</span> <span class='ocrx_word' id='word_1_66' title='bbox 550 1696 677 1753; x_wconf 90' lang='lat' dir='ltr'>montes</span> <span class='ocrx_word' id='word_1_67' title='bbox 691 1709 874 1768; x_wconf 81' lang='lat' dir='ltr'>magnoque</span> <span class='ocrx_word' id='word_1_68' title='bbox 889 1696 1025 1767; x_wconf 88' lang='lat' dir='ltr'>repente</span> 
     </span>
    </p>

    <p class='ocr_par' dir='ltr' id='par_1_4' title="bbox 103 1800 921 1879">
     <span class='ocr_line' id='line_1_12' title="bbox 103 1800 921 1879; baseline -0.002 -15"><span class='ocrx_word' id='word_1_69' title='bbox 103 1812 106 1819; x_wconf 84' lang='lat'>&#39;</span> <span class='ocrx_word' id='word_1_70' title='bbox 194 1821 353 1864; x_wconf 90' lang='lat' dir='ltr'>concussu</span> <span class='ocrx_word' id='word_1_71' title='bbox 368 1801 435 1864; x_wconf 88' lang='lat' dir='ltr'>late</span> <span class='ocrx_word' id='word_1_72' title='bbox 452 1800 643 1879; x_wconf 86' lang='lat' dir='ltr'>disserpunt</span> <span class='ocrx_word' id='word_1_73' title='bbox 660 1800 738 1864; x_wconf 88' lang='lat' dir='ltr'>inde</span> <span class='ocrx_word' id='word_1_74' title='bbox 754 1806 921 1863; x_wconf 88' lang='lat' dir='ltr'>tremores.</span> 
     </span>
    </p>

    <p class='ocr_par' dir='ltr' id='par_1_5' title="bbox 152 1910 1145 2864">
     <span class='ocr_line' id='line_1_13' title="bbox 152 1910 1107 1994; baseline -0.001 -20"><span class='ocrx_word' id='word_1_75' title='bbox 152 1918 226 1974; x_wconf 87' lang='lat' dir='ltr'>—et</span> <span class='ocrx_word' id='word_1_76' title='bbox 242 1910 369 1987; x_wconf 90' lang='lat' dir='ltr'>merito,</span> <span class='ocrx_word' id='word_1_77' title='bbox 386 1910 542 1988; x_wconf 91' lang='lat' dir='ltr'>quoniam</span> <span class='ocrx_word' id='word_1_78' title='bbox 558 1910 718 1989; x_wconf 89' lang='lat' dir='ltr'>plaustris</span> <span class='ocrx_word' id='word_1_79' title='bbox 735 1929 890 1994; x_wconf 89' lang='lat' dir='ltr'>concussa</span> <span class='ocrx_word' id='word_1_80' title='bbox 905 1916 1107 1974; x_wconf 81' lang='lat' dir='ltr'>tremescunt</span> 
     </span>
     <span class='ocr_line' id='line_1_14' title="bbox 193 2019 1045 2098; baseline -0.001 -14"><span class='ocrx_word' id='word_1_81' title='bbox 193 2027 282 2084; x_wconf 89' lang='lat' dir='ltr'>tecta</span> <span class='ocrx_word' id='word_1_82' title='bbox 298 2020 389 2084; x_wconf 87' lang='lat' dir='ltr'>uiam</span> <span class='ocrx_word' id='word_1_83' title='bbox 406 2027 552 2098; x_wconf 88' lang='lat' dir='ltr'>propter,</span> <span class='ocrx_word' id='word_1_84' title='bbox 570 2040 638 2081; x_wconf 92' lang='lat' dir='ltr'>non</span> <span class='ocrx_word' id='word_1_85' title='bbox 654 2040 773 2098; x_wconf 86' lang='lat' dir='ltr'>magno</span> <span class='ocrx_word' id='word_1_86' title='bbox 791 2019 946 2097; x_wconf 88' lang='lat' dir='ltr'>pondere,</span> <span class='ocrx_word' id='word_1_87' title='bbox 964 2025 1045 2096; x_wconf 89' lang='lat' dir='ltr'>tota,</span> 
     </span>
     <span class='ocr_line' id='line_1_15' title="bbox 193 2129 1007 2207; baseline 0 -16"><span class='ocrx_word' id='word_1_88' title='bbox 193 2150 253 2193; x_wconf 91' lang='lat' dir='ltr'>nec</span> <span class='ocrx_word' id='word_1_89' title='bbox 269 2130 379 2192; x_wconf 88' lang='lat' dir='ltr'>minus</span> <span class='ocrx_word' id='word_1_90' title='bbox 396 2130 548 2193; x_wconf 87' lang='lat' dir='ltr'>exultant</span> <span class='ocrx_word' id='word_1_91' title='bbox 568 2129 761 2207; x_wconf 75' lang='lat' dir='ltr'>lesdupuisl</span> <span class='ocrx_word' id='word_1_92' title='bbox 782 2149 920 2207; x_wconf 91' lang='lat' dir='ltr'>cumque</span> <span class='ocrx_word' id='word_1_93' title='bbox 937 2129 1007 2193; x_wconf 90' lang='lat' dir='ltr'>uiai</span> 
     </span>
     <span class='ocr_line' id='line_1_16' title="bbox 194 2239 965 2317; baseline -0.001 -15"><span class='ocrx_word' id='word_1_94' title='bbox 194 2240 338 2304; x_wconf 83' lang='lat' dir='ltr'>ferratos</span> <span class='ocrx_word' id='word_1_95' title='bbox 353 2240 521 2317; x_wconf 84' lang='lat' dir='ltr'>utrimque</span> <span class='ocrx_word' id='word_1_96' title='bbox 537 2246 687 2302; x_wconf 87' lang='lat' dir='ltr'>rotarum</span> <span class='ocrx_word' id='word_1_97' title='bbox 702 2239 846 2302; x_wconf 88' lang='lat' dir='ltr'>succutit</span> <span class='ocrx_word' id='word_1_98' title='bbox 862 2240 965 2302; x_wconf 87' lang='lat' dir='ltr'>orbes.</span> 
     </span>
     <span class='ocr_line' id='line_1_17' title="bbox 193 2348 1145 2427; baseline 0.002 -16"><span class='ocrx_word' id='word_1_99' title='bbox 193 2350 238 2426; x_wconf 79' lang='lat' dir='ltr'>fit</span> <span class='ocrx_word' id='word_1_100' title='bbox 256 2369 394 2427; x_wconf 89' lang='lat' dir='ltr'>quoque,</span> <span class='ocrx_word' id='word_1_101' title='bbox 410 2349 469 2412; x_wconf 93' lang='lat' dir='ltr'>ubi</span> <span class='ocrx_word' id='word_1_102' title='bbox 486 2348 522 2410; x_wconf 93' lang='lat' dir='ltr'>in</span> <span class='ocrx_word' id='word_1_103' title='bbox 538 2369 674 2427; x_wconf 81' lang='lat' dir='ltr'>magnas</span> <span class='ocrx_word' id='word_1_104' title='bbox 692 2369 795 2426; x_wconf 88' lang='lat' dir='ltr'>aquae</span> <span class='ocrx_word' id='word_1_105' title='bbox 812 2356 989 2426; x_wconf 89' lang='lat' dir='ltr'>uastasque</span> <span class='ocrx_word' id='word_1_106' title='bbox 1003 2349 1145 2413; x_wconf 86' lang='lat' dir='ltr'>lucunas</span> 
     </span>
     <span class='ocr_line' id='line_1_18' title="bbox 194 2459 982 2538; baseline 0 -18"><span class='ocrx_word' id='word_1_107' title='bbox 194 2460 288 2537; x_wconf 80' lang='lat' dir='ltr'>gleba</span> <span class='ocrx_word' id='word_1_108' title='bbox 304 2465 471 2523; x_wconf 85' lang='lat' dir='ltr'>uetustate</span> <span class='ocrx_word' id='word_1_109' title='bbox 487 2479 504 2521; x_wconf 92' lang='lat' dir='ltr'>e</span> <span class='ocrx_word' id='word_1_110' title='bbox 519 2466 610 2523; x_wconf 90' lang='lat' dir='ltr'>terra</span> <span class='ocrx_word' id='word_1_111' title='bbox 627 2459 840 2538; x_wconf 86' lang='lat' dir='ltr'>prouoluitur</span> <span class='ocrx_word' id='word_1_112' title='bbox 856 2459 982 2537; x_wconf 84' lang='lat' dir='ltr'>ingens,</span> 
     </span>
     <span class='ocr_line' id='line_1_19' title="bbox 193 2569 1070 2646; baseline 0 -15"><span class='ocrx_word' id='word_1_113' title='bbox 193 2575 232 2631; x_wconf 92' lang='lat' dir='ltr'>ut</span> <span class='ocrx_word' id='word_1_114' title='bbox 247 2569 388 2632; x_wconf 89' lang='lat' dir='ltr'>iactetur</span> <span class='ocrx_word' id='word_1_115' title='bbox 403 2569 627 2646; x_wconf 83' lang='lat' dir='ltr'>aquaeductu</span> <span class='ocrx_word' id='word_1_116' title='bbox 642 2589 770 2646; x_wconf 90' lang='lat' dir='ltr'>quoque</span> <span class='ocrx_word' id='word_1_117' title='bbox 785 2576 876 2632; x_wconf 87' lang='lat' dir='ltr'>terra</span> <span class='ocrx_word' id='word_1_118' title='bbox 891 2569 1070 2645; x_wconf 88' lang='lat' dir='ltr'>uacillans;</span> 
     </span>
     <span class='ocr_line' id='line_1_20' title="bbox 178 2678 1115 2756; baseline -0.001 -15"><span class='ocrx_word' id='word_1_119' title='bbox 178 2678 232 2754; x_wconf 89' lang='lat' dir='ltr'>(ut</span> <span class='ocrx_word' id='word_1_120' title='bbox 247 2699 309 2742; x_wconf 89' lang='lat' dir='ltr'>uas</span> <span class='ocrx_word' id='word_1_121' title='bbox 324 2678 449 2750; x_wconf 88' lang='lat' dir='ltr'>inter&lt;</span> <span class='ocrx_word' id='word_1_122' title='bbox 455 2679 571 2750; x_wconf 92' lang='lat' dir='ltr'>dum&gt;</span> <span class='ocrx_word' id='word_1_123' title='bbox 591 2699 658 2740; x_wconf 93' lang='lat' dir='ltr'>non</span> <span class='ocrx_word' id='word_1_124' title='bbox 674 2680 747 2756; x_wconf 91' lang='lat' dir='ltr'>quit</span> <span class='ocrx_word' id='word_1_125' title='bbox 763 2686 922 2756; x_wconf 81' lang='lat' dir='ltr'>constare,</span> <span class='ocrx_word' id='word_1_126' title='bbox 940 2678 1004 2741; x_wconf 89' lang='lat' dir='ltr'>nisi</span> <span class='ocrx_word' id='word_1_127' title='bbox 1020 2699 1115 2742; x_wconf 93' lang='lat' dir='ltr'>umor</span> 
     </span>
     <span class='ocr_line' id='line_1_21' title="bbox 193 2787 924 2864; baseline 0 -13"><span class='ocrx_word' id='word_1_128' title='bbox 193 2788 322 2851; x_wconf 86' lang='lat' dir='ltr'>destitit</span> <span class='ocrx_word' id='word_1_129' title='bbox 338 2787 373 2849; x_wconf 92' lang='lat' dir='ltr'>in</span> <span class='ocrx_word' id='word_1_130' title='bbox 390 2788 492 2851; x_wconf 90' lang='lat' dir='ltr'>dubio</span> <span class='ocrx_word' id='word_1_131' title='bbox 508 2788 612 2852; x_wconf 88' lang='lat' dir='ltr'>fluctu</span> <span class='ocrx_word' id='word_1_132' title='bbox 629 2788 784 2852; x_wconf 86' lang='lat' dir='ltr'>iactarier</span> <span class='ocrx_word' id='word_1_133' title='bbox 801 2788 924 2864; x_wconf 87' lang='lat' dir='ltr'>intus).</span> 
     </span>
    </p>

    <p class='ocr_par' dir='ltr' id='par_1_6' title="bbox 193 2899 1108 3744">
     <span class='ocr_line' id='line_1_22' title="bbox 256 2899 1108 2977; baseline 0.004 -18"><span class='ocrx_word' id='word_1_134' title='bbox 256 2899 434 2962; x_wconf 90' lang='lat' dir='ltr'>Praeterea</span> <span class='ocrx_word' id='word_1_135' title='bbox 449 2905 571 2961; x_wconf 90' lang='lat' dir='ltr'>uentus</span> <span class='ocrx_word' id='word_1_136' title='bbox 586 2920 660 2962; x_wconf 90' lang='lat' dir='ltr'>cum</span> <span class='ocrx_word' id='word_1_137' title='bbox 677 2916 737 2977; x_wconf 92' lang='lat' dir='ltr'>per</span> <span class='ocrx_word' id='word_1_138' title='bbox 753 2900 823 2963; x_wconf 86' lang='lat' dir='ltr'>loca</span> <span class='ocrx_word' id='word_1_139' title='bbox 839 2900 986 2963; x_wconf 88' lang='lat' dir='ltr'>subcaua</span> <span class='ocrx_word' id='word_1_140' title='bbox 1000 2907 1108 2962; x_wconf 86' lang='lat' dir='ltr'>terrae</span> 
     </span>
     <span class='ocr_line' id='line_1_23' title="bbox 193 3009 966 3088; baseline 0.004 -18"><span class='ocrx_word' id='word_1_141' title='bbox 193 3009 349 3071; x_wconf 90' lang='lat' dir='ltr'>collectus</span> <span class='ocrx_word' id='word_1_142' title='bbox 365 3015 461 3085; x_wconf 86' lang='lat' dir='ltr'>parte</span> <span class='ocrx_word' id='word_1_143' title='bbox 477 3030 517 3071; x_wconf 88' lang='lat' dir='ltr'>ex</span> <span class='ocrx_word' id='word_1_144' title='bbox 533 3029 600 3072; x_wconf 86' lang='lat' dir='ltr'>una</span> <span class='ocrx_word' id='word_1_145' title='bbox 617 3009 803 3087; x_wconf 91' lang='lat' dir='ltr'>procumbit</span> <span class='ocrx_word' id='word_1_146' title='bbox 820 3016 852 3073; x_wconf 92' lang='lat' dir='ltr'>et</span> <span class='ocrx_word' id='word_1_147' title='bbox 868 3016 966 3088; x_wconf 80' lang='lat' dir='ltr'>urget</span> 
     </span>
     <span class='ocr_line' id='line_1_24' title="bbox 193 3117 922 3196; baseline 0.003 -17"><span class='ocrx_word' id='word_1_148' title='bbox 193 3117 333 3181; x_wconf 84' lang='lat' dir='ltr'>obnixus</span> <span class='ocrx_word' id='word_1_149' title='bbox 349 3117 478 3196; x_wconf 78' lang='lat' dir='ltr'>magnis</span> <span class='ocrx_word' id='word_1_150' title='bbox 493 3119 666 3196; x_wconf 88' lang='lat' dir='ltr'>speluncas</span> <span class='ocrx_word' id='word_1_151' title='bbox 681 3118 811 3181; x_wconf 89' lang='lat' dir='ltr'>uiribus</span> <span class='ocrx_word' id='word_1_152' title='bbox 827 3120 922 3195; x_wconf 86' lang='lat' dir='ltr'>altas,</span> 
     </span>
     <span class='ocr_line' id='line_1_25' title="bbox 193 3226 998 3306; baseline 0.004 -18"><span class='ocrx_word' id='word_1_153' title='bbox 193 3226 355 3290; x_wconf 89' lang='lat' dir='ltr'>incumbit</span> <span class='ocrx_word' id='word_1_154' title='bbox 371 3227 470 3290; x_wconf 88' lang='lat' dir='ltr'>tellus</span> <span class='ocrx_word' id='word_1_155' title='bbox 486 3248 550 3304; x_wconf 92' lang='lat' dir='ltr'>quo</span> <span class='ocrx_word' id='word_1_156' title='bbox 565 3228 659 3291; x_wconf 86' lang='lat' dir='ltr'>uenti</span> <span class='ocrx_word' id='word_1_157' title='bbox 677 3248 782 3306; x_wconf 92' lang='lat' dir='ltr'>prona</span> <span class='ocrx_word' id='word_1_158' title='bbox 799 3228 920 3306; x_wconf 91' lang='lat' dir='ltr'>premit</span> <span class='ocrx_word' id='word_1_159' title='bbox 937 3228 998 3291; x_wconf 88' lang='lat' dir='ltr'>uis.</span> 
     </span>
     <span class='ocr_line' id='line_1_26' title="bbox 194 3339 1092 3415; baseline 0.001 -16"><span class='ocrx_word' id='word_1_160' title='bbox 194 3340 264 3399; x_wconf 82' lang='lat' dir='ltr'>tum</span> <span class='ocrx_word' id='word_1_161' title='bbox 280 3356 401 3414; x_wconf 88' lang='lat' dir='ltr'>supera</span> <span class='ocrx_word' id='word_1_162' title='bbox 417 3344 540 3400; x_wconf 90' lang='lat' dir='ltr'>terram</span> <span class='ocrx_word' id='word_1_163' title='bbox 557 3358 641 3415; x_wconf 90' lang='lat' dir='ltr'>quae</span> <span class='ocrx_word' id='word_1_164' title='bbox 657 3344 736 3400; x_wconf 87' lang='lat' dir='ltr'>sunt</span> <span class='ocrx_word' id='word_1_165' title='bbox 752 3345 904 3401; x_wconf 88' lang='lat' dir='ltr'>extructa</span> <span class='ocrx_word' id='word_1_166' title='bbox 921 3339 1092 3400; x_wconf 87' lang='lat' dir='ltr'>domorum</span> 
     </span>
     <span class='ocr_line' id='line_1_27' title="bbox 193 3447 1085 3525; baseline 0.001 -15"><span class='ocrx_word' id='word_1_167' title='bbox 193 3448 235 3510; x_wconf 88' lang='lat' dir='ltr'>ad</span> <span class='ocrx_word' id='word_1_168' title='bbox 253 3447 444 3524; x_wconf 89' lang='lat' dir='ltr'>caelumque</span> <span class='ocrx_word' id='word_1_169' title='bbox 461 3447 566 3524; x_wconf 84' lang='lat' dir='ltr'>magis</span> <span class='ocrx_word' id='word_1_170' title='bbox 582 3455 708 3525; x_wconf 91' lang='lat' dir='ltr'>quanto</span> <span class='ocrx_word' id='word_1_171' title='bbox 724 3455 802 3511; x_wconf 92' lang='lat' dir='ltr'>sunt</span> <span class='ocrx_word' id='word_1_172' title='bbox 820 3447 910 3512; x_wconf 90' lang='lat' dir='ltr'>edita</span> <span class='ocrx_word' id='word_1_173' title='bbox 927 3468 1085 3525; x_wconf 87' lang='lat' dir='ltr'>quaeque,</span> 
     </span>
     <span class='ocr_line' id='line_1_28' title="bbox 193 3555 990 3636; baseline 0.004 -19"><span class='ocrx_word' id='word_1_174' title='bbox 193 3555 352 3619; x_wconf 86' lang='lat' dir='ltr'>inclinata</span> <span class='ocrx_word' id='word_1_175' title='bbox 367 3556 494 3619; x_wconf 91' lang='lat' dir='ltr'>minent</span> <span class='ocrx_word' id='word_1_176' title='bbox 509 3556 545 3617; x_wconf 93' lang='lat' dir='ltr'>in</span> <span class='ocrx_word' id='word_1_177' title='bbox 561 3558 697 3619; x_wconf 87' lang='lat' dir='ltr'>eandem</span> <span class='ocrx_word' id='word_1_178' title='bbox 713 3557 846 3635; x_wconf 91' lang='lat' dir='ltr'>prodita</span> <span class='ocrx_word' id='word_1_179' title='bbox 862 3564 990 3636; x_wconf 84' lang='lat' dir='ltr'>partem</span> 
     </span>
     <span class='ocr_line' id='line_1_29' title="bbox 194 3665 1003 3744; baseline 0.004 -18"><span class='ocrx_word' id='word_1_180' title='bbox 194 3673 446 3743; x_wconf 87' lang='lat' dir='ltr'>protractaeque</span> <span class='ocrx_word' id='word_1_181' title='bbox 462 3667 573 3729; x_wconf 89' lang='lat' dir='ltr'>trabes</span> <span class='ocrx_word' id='word_1_182' title='bbox 590 3665 773 3744; x_wconf 92' lang='lat' dir='ltr'>inpendent</span> <span class='ocrx_word' id='word_1_183' title='bbox 790 3667 838 3730; x_wconf 90' lang='lat' dir='ltr'>ire</span> <span class='ocrx_word' id='word_1_184' title='bbox 856 3674 1003 3744; x_wconf 84' lang='lat' dir='ltr'>paratae.</span> 
     </span>
    </p>

    <p class='ocr_par' dir='ltr' id='par_1_7' title="bbox 153 3775 988 3964">
     <span class='ocr_line' id='line_1_30' title="bbox 153 3775 973 3853; baseline 0.001 -17"><span class='ocrx_word' id='word_1_185' title='bbox 153 3782 225 3837; x_wconf 89' lang='lat' dir='ltr'>-et</span> <span class='ocrx_word' id='word_1_186' title='bbox 241 3781 394 3837; x_wconf 90' lang='lat' dir='ltr'>metuunt</span> <span class='ocrx_word' id='word_1_187' title='bbox 410 3775 522 3853; x_wconf 81' lang='lat' dir='ltr'>magni</span> <span class='ocrx_word' id='word_1_188' title='bbox 538 3782 693 3838; x_wconf 89' lang='lat' dir='ltr'>naturam</span> <span class='ocrx_word' id='word_1_189' title='bbox 709 3776 840 3839; x_wconf 89' lang='lat' dir='ltr'>credere</span> <span class='ocrx_word' id='word_1_190' title='bbox 856 3776 973 3839; x_wconf 91' lang='lat' dir='ltr'>mundi</span> 
     </span>
     <span class='ocr_line' id='line_1_31' title="bbox 194 3884 988 3964; baseline 0.003 -17"><span class='ocrx_word' id='word_1_191' title='bbox 194 3884 325 3948; x_wconf 84' lang='lat' dir='ltr'>exitiale</span> <span class='ocrx_word' id='word_1_192' title='bbox 343 3884 477 3962; x_wconf 88' lang='lat' dir='ltr'>aliquod</span> <span class='ocrx_word' id='word_1_193' title='bbox 492 3893 623 3962; x_wconf 90' lang='lat' dir='ltr'>tempus</span> <span class='ocrx_word' id='word_1_194' title='bbox 640 3887 830 3964; x_wconf 90' lang='lat' dir='ltr'>clademque</span> <span class='ocrx_word' id='word_1_195' title='bbox 846 3906 988 3963; x_wconf 87' lang='lat' dir='ltr'>manere,</span> 
     </span>
    </p>
   </div>
   <div class='ocr_carea' id='block_1_4' title="bbox 203 4015 787 4217">
    <p class='ocr_par' dir='ltr' id='par_1_8' title="bbox 203 4015 787 4217">
     <span class='ocr_line' id='line_1_32' title="bbox 204 4015 787 4081; baseline 0.003 -15"><span class='ocrx_word' id='word_1_196' title='bbox 204 4017 453 4067; x_wconf 81' lang='lat' dir='ltr'>541summer0sca</span> <span class='ocrx_word' id='word_1_197' title='bbox 488 4015 554 4077; x_wconf 74' lang='lat' dir='ltr'>(ort.</span> <span class='ocrx_word' id='word_1_198' title='bbox 571 4031 600 4066; x_wconf 87' lang='lat' dir='ltr'>se</span> <span class='ocrx_word' id='word_1_199' title='bbox 617 4031 702 4081; x_wconf 85' lang='lat' dir='ltr'>supra</span> <span class='ocrx_word' id='word_1_200' title='bbox 718 4033 787 4068; x_wconf 89' lang='lat' dir='ltr'>saxa</span> 
     </span>
     <span class='ocr_line' id='line_1_33' title="bbox 204 4083 512 4145; baseline 0 -11"><span class='ocrx_word' id='word_1_201' title='bbox 204 4084 255 4134; x_wconf 89' lang='grc'>550</span> <span class='ocrx_word' id='word_1_202' title='bbox 265 4085 333 4145; x_wconf 75' lang='lat' dir='ltr'>sort.</span> <span class='ocrx_word' id='word_1_203' title='bbox 348 4098 380 4133; x_wconf 86' lang='lat' dir='ltr'>ca</span> <span class='ocrx_word' id='word_1_204' title='bbox 395 4098 455 4134; x_wconf 88' lang='lat' dir='ltr'>cum</span> <span class='ocrx_word' id='word_1_205' title='bbox 469 4083 512 4134; x_wconf 91' lang='lat' dir='ltr'>uis</span> 
     </span>
     <span class='ocr_line' id='line_1_34' title="bbox 203 4151 492 4217; baseline 0.003 -17"><span class='ocrx_word' id='word_1_206' title='bbox 203 4151 255 4201; x_wconf 86' lang='lat'>555</span> <span class='ocrx_word' id='word_1_207' title='bbox 265 4152 334 4213; x_wconf 77' lang='lat' dir='ltr'>fort.</span> <span class='ocrx_word' id='word_1_208' title='bbox 349 4151 492 4217; x_wconf 81' lang='lat' dir='ltr'>integrum</span> 
     </span>
    </p>
   </div>
   <div class='ocr_carea' id='block_1_5' title="bbox 688 4245 762 4298">
    <p class='ocr_par' dir='ltr' id='par_1_9' title="bbox 688 4245 762 4298">
     <span class='ocr_line' id='line_1_35' title="bbox 688 4245 762 4298; baseline 0.014 -11"><span class='ocrx_word' id='word_1_209' title='bbox 688 4245 762 4298; x_wconf 81' lang='lat' dir='ltr'>[ass]</span> 
     </span>
    </p>
   </div>
   <div class='ocr_carea' id='block_1_6' title="bbox 0 0 1630 4686">
    <p class='ocr_par' dir='ltr' id='par_1_10' title="bbox 0 0 1630 4686">
     <span class='ocr_line' id='line_1_36' title="bbox 0 0 1630 4686; baseline 0 0"><span class='ocrx_word' id='word_1_210' title='bbox 0 0 1630 4686; x_wconf 95' lang='lat' dir='ltr'> </span> 
     </span>
    </p>
   </div>
  </div>
 </body>
</html>
