3234 4684
585 451 616 500 Τ.
635 451 797 502 Lvonsrl
815 451 905 502 osni

213 748 391 810 Praeterea
408 768 511 825 genus
528 749 709 810 humanum
723 755 899 824 mutaeque
915 753 1069 840 natantes

213 857 459 934 squamigerum
477 858 617 935 pecudes
634 866 666 920 et
684 858 770 920 laeta
788 865 938 920 armenta
955 857 1110 933 feraeque

213 974 247 1029 et
262 966 376 1029 uariae
391 968 541 1029 uolucres
556 966 716 1029 laetantia
731 986 814 1043 quae
830 968 899 1029 loca
916 986 1078 1043 aquarum

213 1077 444 1139 concelebrant
460 1077 583 1139 circum
600 1076 691 1154 ripas
708 1076 875 1152 fontisque
892 1077 1057 1152 lacusque,

213 1191 247 1249 et
266 1206 349 1263 quae
366 1187 564 1264 peruolgant
580 1205 714 1248 nemora
732 1186 810 1249 auia
827 1185 1075 1263 peruolitantes,

164 1316 355 1373 —quorum
373 1317 478 1358 unum
496 1295 637 1372 quoduis
655 1295 839 1372 generatim
856 1292 983 1385 sumere
1001 1315 1110 1372 perge,

213 1405 363 1467 inuenies
379 1413 489 1467 tamen
505 1405 592 1466 inter
609 1426 642 1468 se
660 1405 794 1467 differre
810 1391 947 1481 figuris(

213 1536 274 1577 nec
288 1515 416 1578 ratione
432 1515 498 1577 alia
512 1516 621 1592 proles
636 1535 827 1592 cognoscere
842 1520 982 1599 matrem

213 1645 274 1687 nec
289 1632 394 1687 mater
410 1630 518 1702 posset
534 1625 676 1702 prolem;
694 1624 782 1701 quod
798 1643 891 1701 posse
907 1623 1059 1686 uidemus

212 1754 274 1796 nec
289 1733 399 1796 minus
415 1741 514 1811 atque
529 1733 676 1796 homines
691 1733 779 1796 inter
795 1754 828 1797 se
844 1741 923 1796 nota
940 1733 1057 1796 cluere.

161 1863 291 1906 —aam
304 1864 400 1922 saepe
415 1850 491 1906 ante
505 1845 602 1905 deum
615 1843 744 1905 uitulus
758 1844 896 1905 delubra
909 1844 1027 1905 decora

212 1952 409 2016 turicremas
423 1960 560 2030 propter
574 1959 737 2015 mactatus
752 1952 896 2015 concidit
910 1972 986 2015 aras

212 2062 386 2139 sanguinis
400 2063 572 2139 exspirans
588 2062 732 2124 calidum
748 2063 788 2123 de
805 2068 935 2139 pectore
952 2061 1083 2123 flumen.

109 2209 112 2213 ·
213 2178 249 2235 at
266 2178 371 2234 mater
387 2171 506 2234 uiridis
523 2173 627 2234 saltus
644 2173 759 2234 orbata
776 2191 958 2249 peragrans

212 2282 321 2343 concit
338 2281 431 2343 humi
448 2281 586 2358 pedibus
603 2281 745 2358 uestigia
761 2301 873 2359 pressa
891 2280 1033 2356 bisulcis,

212 2390 323 2453 omnia
339 2390 510 2453 conuisens
526 2390 628 2452 oculis
644 2392 714 2454 loca
729 2391 756 2452 si
773 2396 871 2467 queat
887 2410 1026 2466 usquam

212 2500 400 2577 conspicere
418 2500 573 2563 amissum
591 2500 707 2576 fetum,
726 2500 931 2577 completque
949 2499 1103 2576 querellis

212 2609 439 2672 frondiferum
455 2630 569 2672 nemus
587 2609 748 2672 adsistens
765 2615 797 2672 et
814 2611 930 2671 crebra
945 2608 1062 2671 reuisit

213 2720 257 2781 ad
275 2720 441 2782 stabulum
459 2719 620 2782 desiderio
638 2718 764 2797 perfixa
783 2718 924 2781 iuuenci.

211 2848 273 2891 nec
287 2836 418 2892 tenerae
433 2828 547 2890 salices
563 2836 660 2905 atque
675 2830 794 2890 herbae
810 2848 883 2890 rore
898 2827 1047 2905 uigentes

212 2938 414 3016 fluminaque
430 2938 488 3001 illa
503 2945 629 3015 queunt
644 2939 779 3000 summis
794 2937 940 3000 labentia
954 2937 1037 3014 ripis

213 3049 375 3110 oblectare
394 3048 540 3111 animum
558 3047 765 3124 subitamque
783 3054 932 3110 auertere
951 3067 1074 3123 curam,

213 3178 273 3220 nec
290 3157 473 3220 uitulorum
490 3158 573 3221 aliae
590 3157 713 3235 species
730 3178 789 3235 per
807 3157 929 3234 pabula
947 3157 1034 3219 laeta

213 3267 366 3329 deriuare
385 3273 511 3344 queunt
530 3267 676 3329 animum
695 3286 839 3343 curaque
857 3267 978 3328 leuare.

212 3397 316 3453 usque
334 3378 414 3439 adeo
432 3376 590 3453 quiddam
608 3376 782 3453 proprium
799 3382 978 3452 notumque
996 3374 1146 3452 requirit.

212 3492 384 3563 praeterea
398 3485 504 3547 teneri
520 3485 670 3548 tremulis
686 3506 760 3547 cum
774 3485 910 3547 uocibus
925 3484 1022 3547 haedi

213 3595 401 3673 cornigeras
416 3602 541 3657 norunt
556 3602 678 3657 matres
695 3588 837 3671 agnique
854 3579 977 3671 petulci

212 3705 384 3766 balantum
400 3705 558 3782 pecudes:
576 3704 633 3779 ita,
650 3705 737 3780 quod
754 3710 876 3766 natura
892 3702 1042 3780 reposcit,

214 3814 257 3876 ad
271 3834 330 3876 sua
345 3813 481 3891 quisque
497 3812 567 3876 fere
581 3814 765 3876 decurrunt
778 3814 882 3875 ubera
895 3812 999 3873 lactis
1041 3795 1043 3801 ’

213 3930 376 4000 postremo
395 3922 536 4001 quoduis
555 3923 761 3985 frumentum
780 3928 975 3993 nontamen
994 3941 1086 3982 omne

226 4030 274 4078 343
286 4030 403 4080 arbusta

225 4098 274 4147 347
284 4098 356 4158 vulp.
373 4098 488 4161 quidvis

226 4166 274 4215 356
285 4167 356 4227 vulp.
371 4165 460 4215 noscit
716 4231 773 4282 [51]
