3234 4684
491 493 542 543 DE
560 494 693 544 RERVM
710 494 865 544 NATVRA
885 495 902 544 1

177 705 228 766 nil
243 706 413 782 prodesset
428 705 515 767 enim
529 706 673 769 calidum
688 706 855 770 denserier
870 707 979 785 ignem

178 835 239 878 1111
256 814 413 891 1111111111,
431 814 459 877 si
476 823 589 894 partes
604 815 691 894 ignis
707 817 844 879 eandem

177 931 345 1001 naturam,
362 945 462 1002 quam
475 931 566 988 totus
581 925 679 988 habet
695 946 795 1003 super
811 926 907 1003 ignis,
923 926 1091 988 haberent.

160 1034 289 1110 (aerior
306 1035 406 1097 ardor
423 1035 510 1098 enim
528 1035 700 1097 eonduetis
716 1035 871 1112 partibus
887 1043 980 1112 esset,

177 1143 370 1220 languidior
386 1163 487 1222 porro
502 1143 647 1206 disiectis
663 1144 778 1222 disque
794 1144 948 1222 supatis.)

178 1253 324 1330 amplius
339 1253 399 1316 hoe
414 1253 487 1316 fieri
503 1253 587 1314 nihil
603 1260 651 1317 est
668 1254 756 1331 quod
773 1273 866 1331 posse
882 1254 986 1317 rearis

177 1362 303 1425 talibus
318 1363 354 1424 in
369 1362 485 1439 causis,
501 1363 623 1424 nedum
639 1363 808 1426 uariantia
824 1382 935 1425 rerum

177 1478 277 1536 tanta
290 1479 389 1549 queat
404 1472 516 1535 densis
529 1472 679 1550 rarisque
695 1494 735 1536 ex
750 1472 883 1550 ignibus
897 1493 973 1536 esse.

129 1582 216 1643 —o'd
232 1602 377 1658 quoque:
394 1581 422 1643 si
439 1581 567 1644 faciant
584 1582 768 1644 admixtum
786 1583 884 1644 rebus
900 1582 1008 1658 inane,

178 1690 310 1754 denseri
326 1697 485 1769 poterunt
502 1691 594 1769 ignes
610 1691 744 1768 rarique
761 1691 914 1768 relinqui.
968 1745 973 1756 .

178 1801 246 1876 sed,
264 1800 342 1877 quia
357 1801 464 1863 multa
478 1800 540 1862 sibi
556 1808 697 1863 cernunt
713 1800 890 1877 contraria,
907 1806 1056 1863 mussant

178 1917 212 1973 et
228 1908 378 1987 fugitant
394 1909 429 1971 in
445 1912 543 1973 rebus
559 1910 657 1973 inane
673 1909 860 1987 relinquere
876 1930 1008 1988 purum,

178 2019 286 2082 ardua
303 2020 383 2082 dum
399 2027 562 2096 metuunt,
580 2019 740 2083 amittunt
756 2041 837 2083 uera
852 2019 931 2096 uiai,

177 2150 238 2192 neo
256 2149 389 2192 rursum
406 2137 547 2192 cernunt
563 2137 715 2208 exempto
730 2131 828 2192 rebus
845 2129 938 2192 inani

179 2238 289 2302 omnia
306 2239 437 2301 denseri
452 2239 588 2317 fierique
605 2260 645 2302 ex
662 2239 813 2303 omnibus
828 2260 932 2302 unum

178 2368 309 2426 eorpus,
323 2348 372 2410 nil
387 2350 427 2413 ab
443 2369 476 2412 se
491 2351 579 2426 quod
594 2349 697 2427 possit
712 2349 844 2413 mittere
859 2349 1000 2427 raptim;

178 2457 316 2521 aestifer
331 2458 419 2536 ignis
434 2459 486 2520 uti
503 2460 614 2521 lumen
631 2459 709 2521 iaoit
727 2465 826 2536 atque
843 2479 1010 2537 uaporem,

177 2575 217 2630 ut
233 2568 349 2631 uideas
362 2589 429 2630 non
445 2590 462 2632 e
477 2568 610 2646 stipatis
625 2568 778 2646 partibus
794 2589 870 2632 esse.

133 2678 268 2755 —quod
282 2677 310 2738 si
325 2676 413 2740 forte
429 2678 496 2741 alia
510 2678 650 2740 eredunt
666 2678 794 2741 ratione
811 2684 937 2756 potesse

178 2787 266 2865 ignis
283 2787 319 2849 in
336 2794 430 2851 coetu
447 2787 573 2864 stingui
589 2795 784 2866 mutareque
801 2808 929 2866 eorpus

179 2896 303 2959 scilieet
318 2919 358 2960 ex
372 2898 467 2960 nulla
481 2898 591 2961 faeere
606 2897 641 2960 id
657 2898 685 2960 si
701 2905 796 2976 parte
812 2904 996 2975 reparcam,

179 3006 304 3069 occidet
321 3007 364 3069 ad
379 3006 520 3069 nihilum
537 3007 695 3070 nimirum
713 3006 870 3070 funditus
886 3008 985 3070 ardor

179 3116 284 3178 omnis
301 3123 333 3179 et
356 3126 446 3188 <e>
468 3116 574 3178 nihilo
590 3116 670 3180 fient
688 3137 911 3194 quaecumque
929 3124 1095 3179 creantur.

164 3226 258 3301 (nam
274 3227 502 3303 quodcumque
519 3226 587 3288 suis
604 3233 769 3289 mutatum
786 3225 908 3288 finibus
925 3226 1002 3302 exit,

179 3335 337 3398 continuo
352 3335 412 3398 hoo
428 3355 515 3398 mors
532 3342 580 3398 est
596 3335 687 3399 illius
703 3336 790 3412 quod
807 3335 876 3398 fuit
892 3336 995 3412 ante.)

178 3444 319 3523 proinde
336 3444 455 3522 aliquit
472 3465 629 3523 superare
646 3465 773 3508 neeesse
791 3452 839 3508 est
855 3445 1016 3508 incolume
1033 3445 1115 3521 ollis,

178 3574 220 3615 111
236 3554 298 3617 tibi
313 3574 365 3617 res
380 3555 517 3617 redeant
533 3555 575 3618 ad
592 3551 698 3617 nilum
714 3554 872 3617 funditus
887 3574 997 3616 omnes

179 3665 219 3727 de
235 3664 368 3742 niloque
384 3670 502 3727 renata
517 3664 664 3742 uigeseat
681 3664 776 3742 eopia
790 3684 912 3727 rerum.

137 3794 267 3836 -nuno
284 3773 388 3851 igitur
405 3773 560 3850 quoniam
576 3773 756 3837 certissima
773 3792 913 3850 corpora
928 3774 1090 3849 quaedam

179 3890 257 3946 sunt
274 3903 358 3960 quae
375 3889 572 3946 conseruent
590 3891 745 3946 naturam
763 3902 891 3959 semper
909 3883 1055 3958 eandem,

179 4013 319 4070 quorum
337 3992 431 4055 abitu
449 3998 508 4055 aut
526 3993 621 4055 aditu
638 3998 830 4069 mutatoque
848 3991 963 4054 ordine
980 3997 1112 4053 mutant

190 4123 300 4174 65711111
313 4123 370 4173 alia

189 4193 319 4255 6651111.
335 4192 395 4242 ulla

682 4259 738 4310 [23]
