3234 4684
576 439 607 487 Τ.
625 438 788 489 LVCRETI
806 438 895 489 CARI

203 671 286 729 quos
302 658 483 716 memorant
500 653 672 731 Phrygios,
695 663 727 724 <
732 652 827 730 qui>
848 651 936 715 inter
952 672 985 715 se
1002 651 1089 716 forte

273 768 519 839 <crepantes>

203 871 327 934 ludunt
344 870 379 932 in
395 891 633 949 numerumque
650 873 803 935 exultant
818 871 978 949 sanguine
995 870 1064 934 fleti

202 979 366 1043 terrificas
382 981 531 1058 capitum
546 981 732 1058 quatientes
748 981 883 1045 numine
901 981 1027 1058 cristas,
1118 1004 1123 1016 ’

203 1090 359 1153 Dictaeos
374 1089 528 1154 referunt
543 1091 682 1154 Curetas
699 1091 756 1168 qui
772 1090 863 1154 louis
879 1090 973 1153 illum

203 1200 357 1277 uagitum
371 1200 407 1261 in
424 1200 525 1264 Creta
539 1202 704 1278 quondam
721 1201 899 1264 occultasse
915 1199 1082 1277 feruntur,

203 1330 280 1372 cum
294 1309 390 1388 pueri
405 1310 529 1373 circum
542 1330 683 1388 puerum
697 1309 830 1388 pernice
845 1312 962 1374 chorea

187 1420 313 1498 [armat
329 1426 361 1483 et
377 1419 412 1481 in
427 1412 602 1483 numerum
618 1420 750 1498 pernice
766 1420 897 1498 chorea]

203 1529 344 1592 armatei
360 1529 394 1591 in
411 1550 585 1592 numerum
602 1531 775 1607 pulsarent
790 1530 921 1594 aeribus
937 1550 1022 1606 aera,

202 1659 246 1703 ne
263 1638 428 1702 Saturnus
444 1661 518 1703 eum
532 1639 628 1701 malis
643 1641 816 1703 mandaret
833 1640 975 1718 adeptus

203 1756 440 1827 aeternumque
456 1750 551 1825 daret
566 1750 666 1812 matri
682 1751 742 1812 sub
758 1756 892 1826 pectore·
904 1750 1033 1812 uolnus

201 1866 381 1936 propterea
398 1879 552 1936 magnam
569 1858 689 1923 armati
706 1866 846 1922 matrem
864 1858 1073 1936 comitantur,

203 1974 264 2031 aut
280 1968 357 2045 quia
372 1968 560 2046 significant
575 1968 688 2031 diuam
704 1969 893 2046 praedicere
908 1975 946 2032 ut
962 1968 1062 2031 armis

203 2098 243 2140 ac
257 2078 384 2142 uirtute
400 2078 507 2142 uelint
522 2078 666 2156 patriam
682 2078 862 2142 defendere
877 2085 1001 2141 terram

203 2187 434 2266 praesidioque
451 2195 570 2265 parent
588 2187 761 2265 decorique
779 2188 973 2265 parentibus
990 2208 1067 2251 esse.

151 2318 289 2376 —quae
305 2298 386 2361 bene
402 2304 434 2361 et
450 2297 567 2360 eximie
583 2297 735 2374 quamuis
751 2297 898 2376 disposta
915 2297 1080 2374 ferantur,

203 2408 300 2484 longe
316 2414 394 2469 sunt
409 2413 521 2469 tamen
537 2429 558 2470 a
570 2427 652 2470 uera
667 2407 795 2471 ratione
810 2408 953 2484 repulsa.

436 2511 484 2563 ΤΟ
506 2512 716 2563 MAKARION
739 2513 811 2562 ΚΑΙ
832 2513 1034 2563 ΑΦΘΑΡΤΟΝ

150 2601 311 2664 -omnis
323 2601 410 2664 enim
423 2622 483 2680 per
496 2621 529 2664 se
543 2601 655 2664 diuom
669 2609 793 2665 natura
806 2609 965 2665 necessest

202 2711 383 2773 immortali
399 2731 482 2774 aeuo
495 2731 622 2775 summa
637 2732 711 2774 cum
728 2732 807 2789 pace
824 2710 961 2774 fruatur

203 2826 328 2883 semota
344 2822 384 2883 ab
402 2820 523 2884 nostris
539 2822 638 2884 rebus
653 2821 866 2898 seiunctaque
883 2821 997 2898 longe3

202 2950 283 2992 ccam
296 2929 430 3007 priuata
443 2931 555 2992 dolore
569 2930 667 3007 omni,
682 2930 818 3008 priuata
832 2930 974 3008 periclis,

203 3039 279 3117 ipsa
293 3038 362 3101 suis
376 3040 502 3118 pollens
518 3040 644 3118 opibus,
661 3040 711 3102 nil
725 3040 840 3117 indiga
856 3040 970 3117 nostri,

202 3169 264 3211 nec
280 3150 360 3211 bene
376 3149 565 3227 promeritis
581 3149 713 3227 capitur
729 3169 834 3226 neque
850 3149 1003 3227 tangitur
1018 3149 1078 3212 ira.

95 3280 98 3284 ·
150 3266 296 3323 —terra
312 3257 444 3336 quidem
459 3279 540 3322 uero
555 3266 644 3322 earet
660 3259 749 3321 omni
763 3264 915 3336 tempore¹
926 3279 1032 3335 sensu,

203 3375 236 3432 et
253 3368 331 3445 quia
346 3369 526 3431 multarum
543 3368 671 3446 potitur
687 3368 871 3446 primordia
885 3388 1006 3445 rerum,

202 3478 310 3541 multa
324 3477 429 3540 modis
444 3477 558 3540 multis
573 3478 668 3541 effert
684 3478 719 3539 in
735 3478 861 3540 lumina
877 3478 963 3541 solis.

150 3587 257 3650 -hic
271 3587 376 3665 siquis
388 3607 478 3650 mare
492 3587 686 3665 Neptunum
702 3587 917 3664 Cereremque
933 3607 1051 3649 uocare

203 3697 382 3760 constituet
399 3695 514 3774 fruges
530 3704 561 3759 et
578 3696 701 3759 Bacchi
716 3696 846 3758 nomine
863 3695 956 3759 abuti

201 3807 328 3869 mauolt
345 3826 443 3883 quam
459 3805 568 3868 laticis
583 3805 757 3883 proprium
773 3805 924 3883 proferre
941 3824 1108 3881 uocamen,

203 3917 420 3980 concedamus
434 3921 472 3978 ut
486 3914 540 3977 hic
555 3920 721 3977 terrarum
737 3914 866 3977 dictitet
883 3915 993 3976 orbem

213 4049 263 4098 630
274 4048 347 4108 vulp.
363 4046 500 4111 Phrygios
515 4045 587 4095 inter
606 4081 613 4094 .
633 4082 639 4094 .
659 4082 665 4094 .
685 4046 756 4109 quod
771 4045 854 4096 armis

212 4117 262 4166 631
273 4115 347 4176 culp.
363 4113 431 4164 laeti
925 4126 929 4137 ·

707 4206 764 4257 [61]
