3234 4684
496 887 532 949 r.
549 854 747 949 uuonan
767 885 875 948 cnm

408 1067 483 1142 DE
504 1065 708 1140 RERVM
728 1063 965 1140 NATVRA

560 1242 664 1304 nuno
681 1241 812 1303 Prunvs

221 1488 414 1550 Aeneadum
433 1486 592 1564 genetrix,
610 1486 780 1549 hominum
798 1485 974 1563 diuomque
990 1485 1156 1562 uoluptas,

157 1598 245 1660 alma
261 1599 383 1673 Venus
400 1597 482 1660 caeli
498 1598 611 1659 subter
626 1595 772 1660 labentia
788 1595 883 1673 signa

158 1727 243 1784 quae
260 1726 350 1769 mare
367 1706 573 1784 nauigerum,
593 1726 676 1784 quae
694 1712 801 1768 terras
819 1703 1052 1781 frugiferentis

159 1817 365 1880 concelebras
375 1836 486 1894 ;-per
503 1823 536 1879 te
555 1815 710 1893 quoniam
728 1835 831 1893 genus
849 1834 943 1876 omne
961 1813 1168 1877 animantum

159 1926 346 2003 concipitur
363 1926 507 2003 uisitque
525 1933 675 1987 exortum
692 1924 819 1987 lumina
837 1923 922 1986 solis.
1002 1962 1005 1965 -

161 2040 202 2112 te,
220 2036 291 2112 dea,
307 2042 340 2099 te
356 2035 494 2113 fugiunt
510 2035 613 2111 uenti,
630 2041 663 2098 te
680 2034 795 2098 nubila
812 2033 892 2096 caeli

160 2145 406 2222 aduentumque
420 2153 525 2221 tuum,
540 2145 602 2207 tibi
617 2143 731 2207 suauis
744 2144 885 2207 daedala
898 2143 997 2205 tellus

160 2255 338 2317 summittit
353 2255 458 2331 flores,
474 2255 536 2317 tibi
552 2254 664 2317 rident
680 2273 825 2330 aequora
840 2252 935 2330 ponti

161 2365 392 2442 placatumque
410 2364 494 2426 nitet
510 2364 632 2426 diffuso
648 2363 772 2426 lumine
789 2363 924 2425 caelum.

146 2474 239 2549 (nam
254 2474 352 2535 simul
368 2494 405 2537 ac
421 2473 544 2550 species
560 2472 761 2551 patefactast
777 2491 881 2535 uerna
898 2471 964 2534 diei

161 2590 193 2646 et
207 2590 352 2647 reserata
365 2583 458 2660 uiget
473 2582 660 2660 genitabilis
676 2603 760 2646 aura
773 2581 899 2658 fanoni,

162 2693 268 2756 aeriae
285 2692 430 2770 primum
447 2693 593 2755 uolucris
608 2700 650 2768 te,
667 2692 757 2768 diua,
774 2699 934 2768 tuumque

162 2802 349 2880 significant
366 2803 488 2865 initum
506 2803 674 2879 perculsae
692 2802 791 2865 corda
808 2807 867 2864 tua
884 2800 929 2862 ui.

160 2911 237 2974 inde
255 2911 346 2974 ferae
363 2912 504 2989 pecudes
521 2895 708 2989 persultant
727 2911 849 2988 pabula
866 2911 953 2973 laeta

162 3028 193 3084 et
208 3021 343 3099 rapidos
358 3028 495 3084 tranant
510 3021 632 3085 amnis:
649 3021 699 3083 ita
713 3027 811 3097 capta
826 3021 936 3097 lepore

161 3137 194 3192 te
210 3130 360 3208 sequitur
376 3130 494 3208 cupide
512 3151 577 3208 quo
593 3150 755 3207 quamque
771 3129 927 3192 inducere
943 3128 1062 3207 pergis.

162 3240 304 3316 denique
319 3261 378 3317 per
392 3240 497 3303 maria
512 3261 550 3303 ac
565 3240 685 3302 montis
700 3239 883 3316 fluuiosque
899 3238 1030 3316 rapacis

162 3348 431 3426 frondiferasque
450 3350 561 3412 domos
581 3348 693 3411 auium
713 3367 907 3425 camposque
926 3347 1076 3423 uirentis,

163 3458 313 3520 omnibus
327 3457 492 3521 incutiens
506 3459 665 3521 blandum
680 3478 740 3536 per
756 3464 890 3535 pectora
906 3477 1057 3533 amorem,

162 3568 260 3630 efficis
273 3574 312 3630 ut
327 3567 446 3645 cupide
462 3567 643 3645 generatim
658 3568 765 3631 saecla
779 3567 990 3644 propagent.)

91 3701 92 3705 ¹
123 3697 245 3762 ÷quae
262 3677 417 3754 quoniam
433 3698 544 3740 rerum
560 3683 715 3740 naturam
732 3677 801 3739 sola
816 3678 980 3754 gubernas

163 3806 222 3849 nec
238 3786 308 3848 sine
324 3793 356 3849 te
374 3787 550 3863 quicquam
564 3786 638 3849 dias
654 3786 689 3847 in
706 3785 841 3848 luminis
857 3805 931 3847 oras

164 3895 310 3958 exoritur
328 3915 433 3971 neque
450 3895 488 3958 fit
506 3896 629 3957 laetum
647 3916 752 3971 neque
770 3894 908 3957 amabile
926 3893 1110 3971 quicquam,

164 4010 196 4067 te
211 4005 330 4068 sociam
346 4005 463 4067 studeo
478 4004 659 4066 scribendis
674 4004 824 4067 uersibus
841 4023 908 4065 esse

676 4179 716 4230 [1]
