3234 4686
620 443 649 491 Τ.
671 442 832 494 LVGBETI
852 442 941 493 clar

246 664 370 736 stuppa
384 657 463 719 iacit
478 656 643 720 flammam
659 664 816 735 concepto
831 657 984 735 protinus
999 656 1080 735 igni,

245 768 407 844 taedaque
425 765 586 829 consimili
603 767 730 829 ratione
748 786 882 830 accensa
899 787 959 846 per
975 767 1083 830 undas

246 877 405 954 conlucet,
423 897 627 954 quocumque
645 884 766 939 natans
783 875 966 955 impellitur
984 876 1084 939 auris.

246 985 412 1048 Nimirum
427 986 507 1063 quia
520 993 599 1048 sunt
615 985 651 1047 in
668 1006 753 1064 aqna
770 987 935 1064 permulta
951 985 1086 1065 uaporis

246 1095 371 1158 semina
387 1096 427 1157 de
443 1103 598 1173 terraque
615 1101 775 1158 necessest
792 1095 948 1158 funditus
965 1095 1038 1174 ipsa

246 1205 332 1283 ignis
349 1225 486 1283 corpora
502 1226 562 1284 per
577 1212 685 1268 totum
701 1226 897 1283 consurgere
913 1205 1040 1268 fontem

247 1322 279 1377 et
295 1315 392 1377 simul
409 1315 577 1394 exspirare
593 1314 685 1378 foras
700 1315 853 1392 exireque
870 1315 905 1377 in
921 1335 1029 1392 auras,

230 1425 376 1501 (nonita
392 1426 497 1488 multa
512 1433 632 1501 tamen,
649 1425 776 1488 calidus
792 1430 891 1502 queat
907 1431 946 1487 ut
961 1425 1033 1488 fieri
1049 1425 1156 1501 fons).

515 1531 565 1581 DE
583 1529 708 1581 FONTE
725 1531 846 1580 ARADI
864 1532 907 1580 IN
926 1530 1034 1581 MARE

245 1627 417 1697 praeterea
433 1620 583 1698 dispersa
600 1620 692 1682 foras
709 1640 881 1696 erumpere
898 1620 985 1697 cogit

247 1729 298 1791 uis
313 1748 373 1807 per
389 1750 508 1807 aquam
526 1729 635 1792 subito
651 1749 846 1807 sursumque
863 1749 901 1792 ea
918 1729 1096 1793 conciliari.

201 1839 334 1916 —quod
352 1859 455 1917 genus
473 1840 556 1903 endo
575 1839 691 1902 marist
709 1839 816 1902 Aradi
834 1839 920 1915 fons,
938 1840 1046 1901 dulcis
1064 1839 1163 1917 aquai

246 1948 303 2026 qui
319 1949 416 2011 scatit
432 1954 465 2010 et
481 1949 583 2012 salsas
599 1948 723 2011 circum
739 1969 772 2010 se
788 1949 935 2012 dimouet
952 1950 1059 2012 undas
1068 1976 1076 2026 ;

246 2065 278 2120 et
294 2058 407 2121 multis
424 2059 499 2121 aliis
514 2060 650 2137 praebet
666 2059 856 2137 regionibus
871 2079 993 2137 aequor

245 2167 424 2231 utilitatem
442 2176 664 2246 opportunam
681 2168 867 2231 sitientibu’
885 2168 1006 2244 nautis,

246 2279 333 2354 quod
349 2277 456 2340 dulcis
471 2278 559 2339 inter
575 2279 677 2341 salsas
693 2278 887 2341 interucmit
902 2279 1019 2341 undas.

245 2387 291 2449 sic
306 2387 410 2465 igitur
427 2408 486 2465 per
502 2409 576 2451 enm
593 2395 731 2466 possunt
747 2409 919 2465 erumpere
935 2388 1062 2451 fontem

246 2504 278 2559 et
292 2504 415 2560 scatere
431 2498 489 2560 illa
505 2498 596 2561 foras
611 2498 646 2559 in
662 2504 819 2577 stuppam
834 2498 959 2560 semina
975 2517 1058 2575 quae
1074 2519 1148 2561 cum

245 2608 447 2670 conueniunt
466 2615 524 2671 aut
543 2608 578 2669 in
597 2608 707 2671 taedai
725 2628 861 2685 corpore
881 2608 1070 2684 adhaerent,

246 2718 422 2780 ardescunt
439 2718 537 2780 facile
554 2719 726 2796 extemplo,
744 2717 824 2795 quia
839 2719 946 2780 multa
960 2738 1088 2795 qnoque
1105 2718 1141 2779 in
1157 2737 1190 2780 se

245 2828 369 2890 semina
382 2829 505 2890 habent
520 2828 606 2905 ignis
621 2836 762 2905 stuppae
777 2828 957 2905 taedaeque
973 2827 1116 2891 latentis.

202 2943 352 3001 —'nonne
369 2938 462 3000 uides
479 2938 588 3015 etiam,
606 2945 769 3001 nocturna
786 2938 829 3000 ad
846 2937 972 3000 lumina
989 2938 1095 2999 linum

245 3067 352 3125 nuper
369 3048 427 3110 nbi
444 3047 626 3111 extinctum
644 3049 828 3123 admoneas,
848 3046 1019 3110 accendier
1038 3054 1114 3110 ante

245 3177 343 3234 quam
360 3158 471 3235 tetigit
489 3157 662 3233 flammam,
680 3158 875 3234 taedamque
894 3156 968 3235 pari
986 3156 1135 3220 ratione?

245 3268 413 3345 multaque
430 3275 601 3346 praeterea
618 3267 713 3345 prius
729 3267 801 3344 ipsc
817 3274 908 3329 tacta
924 3286 1047 3343 uapore

245 3377 371 3440 eminus
388 3378 565 3440 ardescunt
583 3398 681 3455 quam
698 3377 878 3439 comminus
895 3377 1022 3463 imbuat
1040 3375 1135 3453 ignis.

202 3487 304 3549 —hcc
320 3487 424 3565 igitur
440 3487 512 3550 fieri
528 3507 656 3565 quoque
673 3486 709 3547 in
724 3487 783 3548 illo
798 3486 891 3549 fonte
909 3485 1137 3562 putandumst.

529 3762 611 3820 <DE
633 3760 775 3810 LAPIDE
797 3758 1016 3815 MAGNETE>

308 3852 402 3930 Quod
419 3858 578 3927 superest,
598 3868 692 3925 agere
710 3848 868 3926 incipiam
885 3865 949 3924 quc
967 3845 1098 3906 foedere
1115 3845 1174 3908 fiat

256 3982 382 4044 suasori.
401 3982 462 4031 lert
482 4018 487 4030 .
508 4018 514 4031 .
535 4019 540 4030 .
559 3983 674 4044 praeter
