3234 4686
615 480 666 529 DE
684 479 817 529 RERVM
834 479 989 529 NATVBA
1012 480 1052 529 1⁷1

322 699 420 771 urget
441 700 548 765 <et>
569 714 723 773 esupero
739 695 860 772 premit
877 716 915 758 ac
932 695 1016 758 iacit
1032 696 1158 759 effluere
1176 696 1322 774 imbris).

279 809 494 880 —practerea
509 824 583 866 cum
599 812 771 867 rarescunt
788 825 916 882 quoque
932 806 1048 869 nubila
1062 805 1173 869 uentis

323 919 381 974 aut
398 911 636 990 dissoluuntur,
653 914 730 977 solis
745 934 844 992 super
860 914 926 978 icta
942 916 1058 992 calore,

322 1021 462 1085 mittunt
479 1043 625 1085 umorem
642 1024 795 1100 pluuium
812 1025 992 1100 stillantue,
1010 1025 1105 1102 quasi
1121 1024 1193 1103 igni

324 1152 398 1194 cera
415 1151 516 1210 super
533 1132 641 1195 calido
656 1135 824 1196 tabescens
841 1135 947 1197 multa
964 1134 1133 1211 liquescat.

323 1241 380 1303 sed
396 1261 530 1304 uemens
544 1241 648 1304 imber
664 1242 711 1318 fit,
728 1242 786 1305 ubi
802 1245 1012 1306 uehementer
1028 1251 1170 1321 utraque

322 1350 438 1413 nubila
452 1351 489 1414 ui
504 1353 672 1415 cumulata
688 1358 887 1430 premuntur
903 1360 935 1417 et
950 1352 1071 1431 impete
1086 1353 1189 1417 uenti.

323 1467 358 1522 at
375 1461 517 1523 retinere
534 1462 592 1523 diu
609 1462 743 1539 pluuiae
760 1464 959 1540 longumque
976 1462 1098 1525 morari

324 1577 535 1647 consuerunt,
551 1570 609 1633 ubi
625 1572 731 1634 multa
747 1571 877 1635 cientur
893 1572 1017 1635 semina
1035 1592 1196 1649 aquarum

325 1687 423 1757 atque
440 1680 515 1743 aliis
530 1680 613 1744 aliae
629 1682 732 1743 nubes
748 1681 915 1758 nimbique
932 1682 1079 1759 rigantes

324 1789 462 1867 insuper
479 1797 577 1867 atque
594 1791 683 1853 omni
699 1792 797 1868 uolgo
815 1792 855 1854 de
873 1798 968 1869 parte
986 1791 1154 1868 feruntur,

324 1906 479 1976 terraque
494 1920 568 1962 cum
584 1899 718 1962 fumans
733 1902 902 1963 humorem
917 1907 989 1964 tota
1003 1902 1164 1964 redhalat.

282 2009 378 2072 —hic
395 2010 453 2071 ubi
471 2011 518 2072 sol
535 2009 639 2072 radiis
656 2016 884 2087 tempestatem
902 2010 990 2073 inter
1008 2031 1143 2088 opacam

326 2120 466 2182 aduersa
483 2118 580 2182 fulsit
597 2119 783 2182 nimborum
801 2119 976 2197 aspargine
993 2127 1118 2198 contra,

502 2218 503 2221 ’
756 2226 806 2275 un
825 2226 954 2291 Anqvo

256 2336 258 2339 ·
326 2320 398 2376 tum
414 2315 501 2376 color
517 2313 552 2375 in
568 2313 674 2392 nigris
689 2314 800 2377 existit
816 2314 960 2377 nubibus
975 2315 1081 2392 arqui.

391 2507 508 2571 Cetera
523 2529 607 2586 quae
623 2516 753 2571 sursum
770 2516 921 2572 crescunt
938 2530 1133 2586 sursumque
1149 2516 1317 2588 creantur,

327 2625 359 2681 et
375 2639 457 2694 quae
473 2626 686 2681 concrescunt
700 2618 736 2679 in
751 2618 904 2694 nubibus,
920 2619 1037 2694 omnia,
1054 2639 1207 2696 prorsum

327 2728 445 2811 omnia,
461 2727 520 2789 nix
534 2727 628 2791 uenti
644 2729 772 2805 grando
787 2728 978 2805 gelidaeque
995 2728 1135 2805 pruinae

327 2845 359 2899 et
374 2836 426 2899 uis
434 2850 563 2915 ’magna
578 2837 652 2914 geli,
668 2858 824 2914 magnum
841 2839 1002 2900 duramen
1019 2858 1189 2915 aquarum,

328 2954 359 3010 et
375 2967 467 3009 mora
483 2967 565 3023 quae
581 2946 701 3009 fluuios
716 2946 837 3025 passim
853 2947 1003 3010 refrenat
1020 2947 1158 3023 auentis,

328 3055 519 3134 perfacilest
535 3064 646 3119 tamen
661 3057 741 3119 haec
757 3056 902 3134 reperire
919 3057 1092 3133 animoque
1108 3056 1222 3119 uidere

328 3166 438 3228 omnia
453 3186 519 3243 quo
534 3173 632 3243 pacto
647 3166 730 3228 fiant
746 3186 890 3243 quareue
907 3171 1070 3243 creentur,

329 3296 403 3337 cum
418 3276 499 3337 bene
515 3275 666 3352 cognoris
682 3274 850 3339 elementis
866 3275 998 3338 reddita
1015 3295 1097 3352 quae
1114 3275 1190 3337 sint.

682 3634 732 3685 DE
755 3634 906 3684 TERRAE
929 3634 1035 3684 MOTV

391 3725 488 3786 Nunc
507 3744 566 3801 age
584 3743 668 3801 quae
685 3722 771 3786 ratio
790 3722 893 3785 terrai
910 3722 1054 3785 motibus
1071 3728 1159 3785 extet

295 3852 297 3855 ·
330 3833 472 3911 percipe.
510 3841 542 3897 et
557 3833 593 3894 in
608 3832 726 3910 primis
740 3839 863 3896 terram
880 3831 934 3895 fac
950 3840 988 3895 ut
1004 3852 1071 3895 esse
1086 3831 1191 3894 rearis

340 3983 391 4031 515
402 3982 532 4032 stillante
565 3981 638 4042 culp.
656 3980 825 4043 stillantque

342 4050 392 4098 516
403 4050 470 4111 fort.
486 4047 575 4098 mollis

342 4118 393 4165 519
402 4117 475 4176 culp.
490 4119 573 4179 atque
588 4119 680 4165 tenere

341 4185 392 4232 531
403 4183 475 4244 vulp.
491 4182 581 4231 euntis

825 4250 898 4301 [232]
