3234 4684
491 445 494 449 ’
582 483 611 531 r.
630 482 793 532 nucanrr
811 484 900 534 cnm

208 697 291 775 quid
308 696 442 760 dubitas
457 696 538 774 quin
555 697 657 760 omni'
674 698 717 760 sit
732 699 812 762 haec
827 698 964 761 rationi’
981 703 1147 778 potestas?

160 807 316 870 —omnis
331 827 406 870 cum
421 807 457 869 in
472 807 616 870 tenebris
632 808 826 885 praesertim
842 808 915 871 uita
931 809 1067 872 laboret.

192 895 289 994 (nam
303 917 410 980 ueluti
425 917 522 995 pueri
536 917 708 995 trepidant
723 924 822 995 atque
838 918 947 981 omnia
962 918 1065 982 caecis

208 1026 247 1088 in
263 1027 408 1089 tenebris
422 1034 585 1104 metuunt,
602 1027 647 1089 sic
664 1046 723 1089 nos
740 1027 775 1088 in
791 1028 863 1090 luce
880 1028 1032 1093 timemus

208 1136 389 1213 interdum,
404 1136 510 1199 nihilo
524 1157 607 1214 quae
622 1143 701 1199 sunt
715 1138 892 1200 metuenda
907 1137 1011 1215 magis
1026 1158 1125 1215 quam

209 1266 295 1323 quae
310 1245 407 1324 pueri
423 1246 459 1308 in
474 1245 619 1309 tenebris
635 1246 791 1324 pauitant
807 1246 1003 1324 finguntque
1021 1247 1165 1324 futura.)

208 1357 298 1418 hunc
314 1355 418 1433 igitur
446 1363 607 1418 terrorem
623 1356 725 1418 animi
741 1357 957 1433 tenebrasque
973 1363 1132 1423 necessest

206 1485 276 1527 non
292 1465 378 1528 radii
395 1465 473 1528 solis
487 1486 593 1543 neque
610 1465 722 1528 lucida
737 1466 804 1529 tela
819 1466 886 1528 diei

207 1575 401 1652 discutiant,
416 1574 474 1637 sed
489 1580 630 1638 naturae
646 1574 770 1652 species
785 1575 944 1652 ratioque.

309 1933 360 1984 DE
379 1933 486 1984 MOTV
506 1933 790 1983 PRINCIPIORVM
810 1934 858 1983 ΕΤ
878 1934 1058 1984 INFINITA
1077 1934 1168 1984 ESSE

272 2023 369 2085 Nunc
387 2043 455 2100 age,
474 2043 540 2100 quo
555 2030 647 2085 motu
665 2022 823 2100 genitalia
840 2023 992 2086 materiai

207 2151 348 2209 corpora
364 2152 417 2194 res
433 2132 546 2195 uarias
563 2132 702 2210 gignant
719 2132 910 2210 genitasque
927 2134 1096 2196 resoluant

207 2249 242 2306 et
258 2261 324 2318 qua
337 2241 374 2304 ui
389 2241 499 2305 facere
514 2240 549 2304 id
564 2248 726 2319 cogantur
741 2262 889 2319 quaeque
905 2242 949 2305 sit
965 2242 1038 2304 ollis

205 2351 340 2414 reddita
357 2351 523 2414 mobilitas
540 2372 697 2429 magnum
716 2371 775 2429 per
794 2350 891 2413 inane
910 2351 1051 2428 meandi,

207 2460 399 2538 expediam:
416 2467 454 2524 tu
469 2466 501 2523 te
517 2440 616 2523 dictis
631 2462 788 2538 praebere
804 2467 974 2523 memento.

206 2571 294 2633 Nam
309 2576 396 2634 certe
411 2590 478 2632 non
493 2570 582 2633 inter
597 2590 630 2634 se
644 2570 769 2648 stipata
784 2571 935 2633 cohaeret

205 2679 370 2757 materies,
388 2679 543 2757 quoniam
561 2678 667 2742 minui
685 2700 754 2743 rem
771 2700 935 2757 quamque
957 2679 1187 2752 <ui>demus

207 2795 242 2852 et
258 2789 352 2866 quasi
367 2789 549 2867 longinquo
564 2790 665 2853 fluere
682 2788 791 2851 omnia
808 2788 971 2852 cernimus
988 2793 1069 2852 aeuo

206 2920 250 2963 ex
264 2898 429 2976 oculisque
444 2904 644 2962 uetustatem
659 2899 840 2962 subducere
856 2897 987 2961 nostris.

188 3011 285 3088 (curn
300 3016 410 3071 tamen
426 3007 598 3071 incolumis
613 3008 771 3071 uideatur
787 3028 914 3070 summa
930 3028 1062 3071 manere

205 3125 385 3198 propterea
401 3117 488 3195 quia,
506 3138 589 3195 quae
606 3117 769 3180 decedunt
786 3137 924 3194 corpora
941 3116 1068 3195 cuique,

204 3227 297 3292 unde
313 3229 435 3291 abeunt
450 3227 616 3304 minuunt,
632 3247 698 3304 quo
712 3247 833 3290 uenere
849 3227 1002 3304 augmine
1017 3226 1152 3302 donant,

205 3337 267 3400 illa
283 3357 447 3400 senescere
463 3343 498 3400 at
514 3338 593 3400 haec
610 3342 726 3399 contra
743 3337 910 3399 florescere
928 3341 1060 3413 cogunt,

205 3467 268 3510 nec
284 3453 494 3510 remorantur
509 3446 582 3521 ibi.)
624 3445 671 3509 sic
686 3466 798 3509 rerum
813 3466 940 3508 summa
955 3452 1100 3507 nouatur

206 3576 345 3635 semper,
361 3562 393 3618 et
407 3555 495 3618 inter
510 3575 543 3618 se
558 3556 713 3618 mortales
726 3561 844 3618 mutua
856 3541 985 3617 uiuont.

207 3672 389 3743 augescunt
405 3665 489 3729 aliae
506 3672 627 3743 gentes,
644 3664 728 3728 aliae
744 3664 952 3739 minuuntur,

207 3775 307 3852 inque
323 3774 419 3838 breui
436 3774 545 3852 spatio
562 3780 736 3836 mutantur
753 3773 859 3836 saecla
877 3772 1083 3835 animantum

207 3891 240 3948 et
256 3884 350 3962 quasi
364 3903 515 3948 cursores
528 3882 613 3946 uitai
626 3883 783 3960 lampada
796 3881 947 3944 tradunt.
