3190 4682
616 387 667 436 DE
685 387 818 436 RERVM
835 387 990 436 NATVBA
1010 387 1053 436 11⁷

322 601 360 663 fit
376 601 470 680 prius
488 603 677 665 adsensum
699 609 812 674 <ut>
834 623 917 680 quae
935 623 1073 681 corpora
1090 602 1335 666 conueniebant

322 732 412 774 nunc
426 732 492 773 non
508 712 716 789 conueniant,
733 720 765 775 et
782 720 891 775 cetera
905 713 972 775 sint
987 713 1091 791 magis
1107 719 1197 790 apta,

288 822 290 829 ⁴
323 842 406 898 quae
423 820 597 899 penetrata
615 829 740 899 queunt
757 842 888 885 sensum
906 823 1102 900 progignere
1121 824 1294 898 acerbum3
1364 804 1377 887 ,⁸

307 931 465 1008 (utraque
483 932 569 993 enim
586 938 664 994 sunt
681 931 716 993 in
733 932 839 994 mellis
857 932 1031 995 commixta
1048 952 1182 1010 sapore;

322 1040 358 1103 id
375 1042 462 1118 quod
478 1041 544 1104 iam
560 1062 683 1120 supera
698 1042 760 1104 tibi
777 1062 873 1119 saepe
891 1042 1093 1105 ostendimus
1110 1043 1218 1119 ante).

753 1318 803 1367 DE
822 1316 948 1367 ODORE

384 1405 481 1467 Nunc
497 1425 556 1482 age
574 1425 639 1482 quo
655 1412 752 1483 pacto
768 1405 859 1468 naris
876 1406 1024 1469 adiectus
1041 1406 1150 1468 odoris

321 1520 439 1592 tangat
456 1535 560 1592 agam.
597 1515 744 1592 primum
761 1535 813 1577 res
828 1516 950 1577 multas
968 1536 1034 1578 esse
1051 1523 1210 1578 necessest

320 1625 409 1686 unde
426 1624 531 1687 fluens
546 1626 661 1687 uoluat
676 1624 793 1688 uarius
807 1645 840 1686 se
857 1625 977 1688 fluctus
993 1626 1140 1700 odorum,

322 1740 353 1796 et
371 1734 472 1797 fluere
489 1741 521 1797 et
537 1734 626 1797 mitti
643 1736 742 1812 uolgo
756 1735 933 1813 spargique
951 1736 1188 1813 putandumst;

320 1864 438 1906 uerum
454 1844 529 1907 aliis
544 1844 630 1907 alius
644 1844 749 1922 magis
764 1851 812 1907 est
829 1844 1053 1907 animantibus
1070 1850 1169 1922 aptus
1232 1839 1234 1842 ’

321 1954 489 2016 dissimilis
506 1961 643 2031 propter
660 1953 793 2016 formas.
832 1954 969 2031 ideoque
986 1975 1045 2032 per
1061 1974 1160 2017 auras

320 2063 426 2125 mellis
442 2083 520 2141 apes
537 2064 688 2140 quamuis
705 2064 800 2141 longe
818 2064 988 2126 ducuntur
1006 2065 1113 2139 odore,

320 2172 523 2250 uolturiique
540 2173 765 2236 cadaueribus.
803 2180 875 2236 tum
889 2173 965 2235 fissa
981 2172 1130 2236 ferarum

320 2282 447 2359 ungula
465 2303 529 2359 quo
547 2282 662 2345 tulerit
681 2303 827 2360 gressum
845 2283 1006 2360 promissa
1024 2303 1142 2345 canum
1160 2281 1212 2344 uis

321 2392 422 2469 ducit,
441 2399 473 2455 et
490 2394 671 2455 humanum
687 2394 783 2470 longe
801 2392 983 2470 praesentit
1001 2393 1133 2454 odorem
1172 2428 1173 2432 =

321 2502 572 2565 Romulidarum
590 2502 674 2565 arcis
692 2509 842 2564 seruator
860 2501 1021 2564 candidus
1038 2521 1143 2564 anser.

279 2612 366 2674 —sic
383 2611 456 2675 aliis
472 2612 557 2675 alius
573 2612 670 2673 nidor
685 2612 785 2674 datus
801 2613 844 2674 ad
860 2632 921 2674 sua
935 2632 1095 2688 quemque

321 2723 445 2799 pabula
460 2722 552 2784 ducit
569 2729 601 2783 et
617 2743 637 2784 a
652 2728 759 2783 taetro
775 2721 902 2783 resilire
918 2741 1046 2782 ueneno

320 2831 416 2908 cogit,
435 2851 534 2907 eoque
550 2831 646 2898 modo
661 2838 839 2893 seruantur
856 2831 962 2893 saecla
978 2829 1135 2892 ferarum.

384 3025 449 3087 Hic
465 3026 546 3088 odor
563 3024 633 3103 ipse
649 3025 763 3102 igitur,
781 3024 872 3087 naris
889 3024 1086 3101 quicumque
1104 3022 1242 3100 lacessit,

321 3141 368 3196 est
385 3134 450 3197 alio
465 3141 503 3197 ut
520 3135 622 3212 possit
639 3134 788 3212 permitti
804 3133 935 3212 longius
952 3135 1053 3210 alter;

319 3245 376 3308 sed
391 3251 502 3307 tamen
516 3243 606 3307 haud
622 3244 795 3321 quisquam
811 3249 879 3305 tam
894 3244 990 3321 longe
1005 3242 1116 3306 fertur
1132 3262 1244 3305 eorum

320 3375 419 3431 quam
434 3353 570 3430 sonitus,
586 3374 685 3429 quam
700 3373 775 3428 uox,
791 3352 888 3415 mitto
902 3353 968 3415 iam
984 3352 1091 3414 dicere
1108 3372 1208 3428 quam
1222 3371 1275 3414 res

319 3485 403 3541 quae
420 3462 548 3526 feriunt
565 3464 733 3525 oculorum
749 3462 834 3524 acies
849 3462 1022 3539 uisumque
1039 3462 1213 3524 lacessunt.

278 3574 528 3636 —crrabundus
544 3572 631 3633 enim
647 3572 742 3634 tarde
759 3571 852 3634 uenit
869 3592 906 3634 ao
923 3570 1011 3648 perit
1028 3577 1104 3633 ante

320 3683 482 3761 paulatim
499 3681 608 3745 facilis
626 3681 805 3743 distractus
821 3681 857 3741 in
875 3680 959 3743 aeris
977 3700 1092 3756 auras3

320 3813 359 3854 ex
376 3794 444 3855 alto
460 3792 604 3870 primum
622 3791 701 3868 quia
716 3790 774 3853 uix
791 3789 955 3854 emittitur
973 3809 1081 3851 exre:

304 3903 397 3979 (nam
414 3901 546 3979 penitus
562 3900 663 3964 fluere
679 3907 778 3977 atque
794 3900 944 3962 recedere
961 3899 1058 3961 rebus
1074 3899 1190 3961 odores

319 4012 483 4090 significat
501 4011 588 4087 quod
606 4009 717 4072 fracta
732 4008 836 4086 magis
853 4009 999 4070 redolere
1016 4007 1176 4070 uidentur

814 4157 887 4208 [142]
