3234 4686
647 434 699 483 DE
716 433 849 484 RERVM
866 434 1021 484 NATVRA
1044 435 1068 484 V

345 669 412 711 non
428 649 494 713 alia
509 650 605 727 longe
622 649 750 713 ratione
767 670 804 713 ac
821 670 917 727 saepe
932 649 1084 712 uidemus

346 777 447 822 aurea
462 779 536 821 cunr
552 758 696 836 primunr
713 759 908 837 gemmantis
924 779 998 822 rore
1014 779 1074 836 per
1089 760 1208 822 herbas

345 867 511 931 matutina
527 870 648 931 rubent
666 869 790 932 radiati
808 869 935 932 lumina
953 868 1046 945 solis;

345 978 542 1054 exalantque
559 978 651 1041 lacus
668 979 822 1041 nebulam
840 978 1001 1056 fluuiique
1019 997 1188 1055 perennes,

345 1086 482 1164 ipsaque
498 1094 537 1150 ut
553 1087 722 1150 interdum
738 1088 837 1151 tellus
854 1086 985 1152 fumare
1001 1087 1154 1164 uidetur3

345 1196 455 1260 omnia
470 1216 553 1273 quae
568 1216 699 1259 sursum
715 1217 790 1259 cum
805 1196 1025 1260 conciliantur
1041 1196 1077 1258 in
1093 1197 1162 1260 alto

345 1325 481 1383 corpore
497 1308 648 1369 concreto
663 1307 844 1369 subtexunt
860 1306 976 1369 nubila
991 1306 1126 1369 caelum.

302 1415 390 1477 -sic
406 1414 510 1493 igitur
526 1421 598 1478 tum
613 1435 646 1477 se
662 1415 745 1477 leuis
761 1436 798 1478 ac
815 1415 970 1478 diffusilis
987 1417 1099 1479 aether

345 1544 480 1602 corpore
498 1531 650 1592 concreto
667 1524 891 1588 circumdatus
907 1525 1055 1601 undique
1073 1524 1201 1601 saepsit

345 1641 377 1696 et
393 1634 460 1696 late
477 1634 618 1697 diffusus
634 1634 670 1695 in
688 1634 792 1696 omnis
809 1634 957 1712 undique
974 1632 1082 1712 partis

344 1742 455 1806 omnia
470 1743 516 1805 sic
534 1743 634 1806 auido
650 1745 822 1821 complexu
839 1751 947 1806 cetera
964 1743 1096 1820 saepsit.
1256 1782 1257 1786 =
1438 1728 1481 1779 4⁷⁰

337 1850 388 1899 DE
403 1848 510 1900 SOLIS
524 1850 572 1900 ET
588 1849 719 1899 LVNAE
736 1849 1012 1899 MAGNITVDINE
1028 1849 1076 1900 ΕΤ
1093 1848 1199 1899 MOTV
1214 1846 1347 1900 EORVM
1362 1843 1407 1895 ΕΤ

593 1934 901 2000 QVEMADMODVM
925 1933 1156 1984 NASOVNTVR

408 2023 508 2086 Hunc
523 2023 659 2087 exordia
673 2030 751 2086 sunt
766 2024 843 2086 solis
857 2025 1019 2102 lunaeque
1034 2031 1155 2100 secuta,

345 2132 591 2209 interutrasque
610 2133 697 2210 globi
716 2154 856 2210 quorum
873 2140 1055 2196 uertuntur
1074 2112 1117 2194 in*
1128 2132 1236 2209 auris;

345 2261 428 2318 quae
444 2262 549 2319 neque
565 2250 657 2305 terra
672 2242 734 2305 sibi
751 2242 894 2305 adsciuit
910 2263 969 2305 nec
985 2242 1148 2335 maximus
1164 2243 1286 2319 aether,

345 2352 433 2428 quod
450 2372 555 2429 neque
573 2359 642 2414 tam
660 2351 799 2414 fuerunt
816 2352 934 2430 grauia
952 2359 990 2415 ut
1008 2353 1162 2430 depressa
1180 2352 1339 2426 sederent,

344 2481 403 2523 nec
420 2461 508 2524 leuia
523 2468 561 2523 ut
577 2468 709 2539 possent
726 2482 786 2539 per
801 2482 944 2524 summas
959 2461 1064 2523 labier
1081 2482 1163 2553 oras,

345 2578 502 2634 ettamen
519 2570 764 2647 interutrasque
781 2572 828 2633 ita
844 2579 931 2647 sunt,
948 2578 987 2633 ut
1002 2591 1140 2648 corpora
1155 2570 1236 2633 uiua

344 2687 477 2742 uersent
495 2687 526 2743 et
542 2686 655 2758 partes
670 2687 709 2743 ut
725 2681 842 2742 mundi
859 2680 962 2742 totius
979 2686 1107 2773 extent3

329 2790 433 2866 (quod
451 2810 553 2867 genus
569 2790 604 2850 in
620 2789 713 2851 nobis
730 2791 891 2866 quaedam
907 2789 984 2852 licet
999 2789 1034 2850 in
1051 2789 1192 2852 statione

344 2900 489 2962 membra
505 2920 645 2975 manere,
663 2906 773 2962 tamen
790 2920 864 2962 cum
880 2898 948 2961 sint
964 2920 1002 2961 ea
1017 2918 1100 2976 quae
1115 2900 1342 2974 moueantur).

407 3008 471 3071 His
487 3008 591 3087 igitur
606 3010 704 3071 rebus
720 3008 873 3071 retractis
887 3015 979 3071 terra
995 3016 1139 3085 repente,

343 3139 498 3181 maxuma
514 3139 579 3195 qua
594 3139 683 3203 nunc
699 3138 731 3180 se
747 3118 841 3208 ponti
858 3119 957 3195 plaga
972 3118 1103 3199 caerula
1119 3117 1236 3193 tendit,

344 3226 484 3290 succidit
499 3234 531 3290 et
545 3228 629 3289 salso
644 3227 785 3289 suffudit
799 3226 931 3305 gurgite
946 3226 1060 3289 fossas.
1112 3310 1114 3315 ι

343 3336 443 3414 inque
460 3336 529 3398 dies
544 3343 669 3413 quanto
685 3336 808 3398 circum
824 3336 929 3413 magis
945 3335 1086 3399 aetheris
1102 3342 1212 3399 aestus

344 3454 376 3509 et
392 3445 479 3509 radii
495 3446 571 3508 solis
586 3447 744 3522 cogebant
760 3444 908 3522 undique
923 3452 1046 3507 terram

343 3555 536 3618 uerberibus
554 3555 677 3617 crebris
697 3561 842 3617 extrema
860 3555 902 3618 ad
921 3554 1037 3616 limina
1055 3554 1202 3645 raptim„
1253 3541 1257 3545 ⁵

344 3665 379 3726 in
395 3664 504 3727 medio
518 3672 557 3727 ut
574 3665 733 3742 propulsa
750 3684 808 3726 suo
825 3664 989 3726 condensa
1005 3663 1116 3739 coiret,
1133 3651 1136 3657 ¹

344 3782 412 3837 tarn
428 3774 532 3851 magis
548 3794 721 3851 expressus
738 3774 842 3835 salsus
859 3774 899 3836 de
915 3792 1050 3850 corpore
1067 3773 1167 3835 sudor

354 3908 405 3956 468
416 3906 487 3966 culp.
504 3904 582 3954 flexit

354 3975 405 4024 470
416 3974 483 4035 sort.
500 3973 573 4037 cepit

353 4044 404 4092 485
414 4045 525 4106 partem
560 4040 783 4101 vulpinianum

839 4208 913 4260 [180]
