<?xml version="1.0" encoding="UTF-8"?>
<!DOCTYPE html PUBLIC "-//W3C//DTD XHTML 1.0 Transitional//EN"
    "http://www.w3.org/TR/xhtml1/DTD/xhtml1-transitional.dtd">
<html xmlns="http://www.w3.org/1999/xhtml" xml:lang="en" lang="en">
 <head>
  <title>
</title>
<meta http-equiv="Content-Type" content="text/html;charset=utf-8" />
  <meta name='ocr-system' content='tesseract 3.04.00' />
  <meta name='ocr-capabilities' content='ocr_page ocr_carea ocr_par ocr_line ocrx_word'/>
</head>
<body>
  <div class='ocr_page' id='page_1' title='image "./lvcretiderervmn00merrgoog_0119.png"; bbox 0 0 3190 4682; ppageno 0'>
   <div class='ocr_carea' id='block_1_1' title="bbox 620 449 1064 500">
    <p class='ocr_par' dir='ltr' id='par_1_1' title="bbox 620 449 1064 500">
     <span class='ocr_line' id='line_1_1' title="bbox 620 449 1064 500; baseline 0 0"><span class='ocrx_word' id='word_1_1' title='bbox 620 450 672 500; x_wconf 82' lang='lat' dir='ltr'><strong>DE</strong></span> <span class='ocrx_word' id='word_1_2' title='bbox 689 450 822 500; x_wconf 71' lang='lat' dir='ltr'><strong><em>RERVM</em></strong></span> <span class='ocrx_word' id='word_1_3' title='bbox 839 449 994 500; x_wconf 82' lang='lat' dir='ltr'><em>NATVRA</em></span> <span class='ocrx_word' id='word_1_4' title='bbox 1013 450 1064 500; x_wconf 84' lang='lat'><strong>111</strong></span> 
     </span>
    </p>
   </div>
   <div class='ocr_carea' id='block_1_2' title="bbox 286 660 1261 3810">
    <p class='ocr_par' dir='ltr' id='par_1_2' title="bbox 286 660 1261 3810">
     <span class='ocr_line' id='line_1_2' title="bbox 327 660 1177 742; baseline 0.004 -18"><span class='ocrx_word' id='word_1_5' title='bbox 327 660 379 724; x_wconf 89' lang='lat' dir='ltr'><strong>uis</strong></span> <span class='ocrx_word' id='word_1_6' title='bbox 394 661 497 725; x_wconf 88' lang='lat' dir='ltr'><strong>animi</strong></span> <span class='ocrx_word' id='word_1_7' title='bbox 512 662 639 740; x_wconf 90' lang='lat' dir='ltr'><strong>pariter</strong></span> <span class='ocrx_word' id='word_1_8' title='bbox 654 663 771 727; x_wconf 86' lang='lat' dir='ltr'><strong>crescit</strong></span> <span class='ocrx_word' id='word_1_9' title='bbox 786 684 860 726; x_wconf 92' lang='lat' dir='ltr'><strong>cum</strong></span> <span class='ocrx_word' id='word_1_10' title='bbox 876 684 1012 742; x_wconf 87' lang='lat' dir='ltr'><strong>corpore</strong></span> <span class='ocrx_word' id='word_1_11' title='bbox 1028 666 1177 742; x_wconf 86' lang='lat' dir='ltr'><strong>quoquel</strong></span> 
     </span>
     <span class='ocr_line' id='line_1_3' title="bbox 329 771 1096 849; baseline 0.003 -15"><span class='ocrx_word' id='word_1_12' title='bbox 329 771 425 849; x_wconf 78' lang='lat' dir='ltr'><strong>Quod</strong></span> <span class='ocrx_word' id='word_1_13' title='bbox 440 771 468 834; x_wconf 89' lang='lat' dir='ltr'><strong>si</strong></span> <span class='ocrx_word' id='word_1_14' title='bbox 483 771 669 836; x_wconf 88' lang='lat' dir='ltr'><strong>inmortalis</strong></span> <span class='ocrx_word' id='word_1_15' title='bbox 683 772 772 837; x_wconf 83' lang='lat' dir='ltr'><strong>foret</strong></span> <span class='ocrx_word' id='word_1_16' title='bbox 785 778 818 837; x_wconf 89' lang='lat' dir='ltr'><strong>et</strong></span> <span class='ocrx_word' id='word_1_17' title='bbox 832 780 962 838; x_wconf 89' lang='lat' dir='ltr'><strong>mutare</strong></span> <span class='ocrx_word' id='word_1_18' title='bbox 977 775 1096 837; x_wconf 89' lang='lat' dir='ltr'><strong>soleret</strong></span> 
     </span>
     <span class='ocr_line' id='line_1_4' title="bbox 328 882 1261 961; baseline 0.003 -18"><span class='ocrx_word' id='word_1_19' title='bbox 328 901 476 960; x_wconf 87' lang='lat' dir='ltr'><strong>corpora,</strong></span> <span class='ocrx_word' id='word_1_20' title='bbox 494 882 668 961; x_wconf 79' lang='lat' dir='ltr'>permixtis</span> <span class='ocrx_word' id='word_1_21' title='bbox 684 882 869 946; x_wconf 82' lang='lat' dir='ltr'><strong>animantes</strong></span> <span class='ocrx_word' id='word_1_22' title='bbox 884 883 1030 946; x_wconf 90' lang='lat' dir='ltr'><strong>moribus</strong></span> <span class='ocrx_word' id='word_1_23' title='bbox 1047 889 1164 961; x_wconf 83' lang='lat' dir='ltr'><strong>essent,</strong></span> <span class='ocrx_word' id='word_1_24' title='bbox 1257 898 1261 903; x_wconf 88' lang='grc'><strong><em>·</em></strong></span> 
     </span>
     <span class='ocr_line' id='line_1_5' title="bbox 329 991 1073 1071; baseline 0.003 -16"><span class='ocrx_word' id='word_1_25' title='bbox 329 991 489 1070; x_wconf 88' lang='lat' dir='ltr'><strong>effugeret</strong></span> <span class='ocrx_word' id='word_1_26' title='bbox 504 991 595 1055; x_wconf 89' lang='lat' dir='ltr'><strong>oanis</strong></span> <span class='ocrx_word' id='word_1_27' title='bbox 610 992 769 1069; x_wconf 87' lang='lat' dir='ltr'><strong>Hyrcano</strong></span> <span class='ocrx_word' id='word_1_28' title='bbox 784 993 825 1056; x_wconf 91' lang='lat' dir='ltr'><strong>de</strong></span> <span class='ocrx_word' id='word_1_29' title='bbox 840 992 962 1057; x_wconf 87' lang='lat' dir='ltr'><strong>semine</strong></span> <span class='ocrx_word' id='word_1_30' title='bbox 976 1013 1073 1071; x_wconf 81' lang='lat' dir='ltr'><strong>saepe</strong></span> 
     </span>
     <span class='ocr_line' id='line_1_6' title="bbox 328 1101 1211 1180; baseline 0.002 -16"><span class='ocrx_word' id='word_1_31' title='bbox 328 1101 492 1180; x_wconf 79' lang='lat' dir='ltr'><strong>cornigeri</strong></span> <span class='ocrx_word' id='word_1_32' title='bbox 508 1101 678 1165; x_wconf 78' lang='lat' dir='ltr'><strong>incursum</strong></span> <span class='ocrx_word' id='word_1_33' title='bbox 694 1102 785 1164; x_wconf 90' lang='lat' dir='ltr'><strong>cerui</strong></span> <span class='ocrx_word' id='word_1_34' title='bbox 800 1108 1019 1180; x_wconf 83' lang='lat' dir='ltr'><strong>tremeretque</strong></span> <span class='ocrx_word' id='word_1_35' title='bbox 1035 1122 1095 1180; x_wconf 89' lang='lat' dir='ltr'><strong>per</strong></span> <span class='ocrx_word' id='word_1_36' title='bbox 1111 1123 1211 1166; x_wconf 88' lang='lat' dir='ltr'><strong>auras</strong></span> 
     </span>
     <span class='ocr_line' id='line_1_7' title="bbox 329 1211 1082 1290; baseline 0.001 -16"><span class='ocrx_word' id='word_1_37' title='bbox 329 1211 414 1275; x_wconf 88' lang='lat' dir='ltr'><strong>aeris</strong></span> <span class='ocrx_word' id='word_1_38' title='bbox 431 1211 589 1290; x_wconf 87' lang='lat' dir='ltr'><strong>accipiter</strong></span> <span class='ocrx_word' id='word_1_39' title='bbox 601 1211 738 1290; x_wconf 83' lang='lat' dir='ltr'><strong>&#39;fugiens</strong></span> <span class='ocrx_word' id='word_1_40' title='bbox 753 1212 908 1276; x_wconf 90' lang='lat' dir='ltr'><strong>ueniente</strong></span> <span class='ocrx_word' id='word_1_41' title='bbox 924 1213 1082 1289; x_wconf 90' lang='lat' dir='ltr'><strong>columba,</strong></span> 
     </span>
     <span class='ocr_line' id='line_1_8' title="bbox 329 1321 1248 1400; baseline 0.001 -17"><span class='ocrx_word' id='word_1_42' title='bbox 329 1321 517 1400; x_wconf 84' lang='lat' dir='ltr'><strong>desiperent</strong></span> <span class='ocrx_word' id='word_1_43' title='bbox 533 1321 689 1399; x_wconf 88' lang='lat' dir='ltr'><strong>homines,</strong></span> <span class='ocrx_word' id='word_1_44' title='bbox 707 1329 861 1400; x_wconf 89' lang='lat' dir='ltr'><strong>saperent</strong></span> <span class='ocrx_word' id='word_1_45' title='bbox 878 1322 953 1385; x_wconf 84' lang='lat' dir='ltr'><strong>fera</strong></span> <span class='ocrx_word' id='word_1_46' title='bbox 968 1322 1075 1386; x_wconf 86' lang='lat' dir='ltr'><strong>saecla</strong></span> <span class='ocrx_word' id='word_1_47' title='bbox 1089 1321 1248 1384; x_wconf 85' lang='lat' dir='ltr'><strong>ferarum.</strong></span> 
     </span>
     <span class='ocr_line' id='line_1_9' title="bbox 327 1431 1113 1509; baseline 0.001 -16"><span class='ocrx_word' id='word_1_48' title='bbox 327 1431 414 1494; x_wconf 77' lang='lat' dir='ltr'><strong>allud</strong></span> <span class='ocrx_word' id='word_1_49' title='bbox 429 1432 517 1495; x_wconf 93' lang='lat' dir='ltr'><strong>enim</strong></span> <span class='ocrx_word' id='word_1_50' title='bbox 532 1431 620 1495; x_wconf 82' lang='lat' dir='ltr'><strong>falsa</strong></span> <span class='ocrx_word' id='word_1_51' title='bbox 634 1432 745 1494; x_wconf 84' lang='lat' dir='ltr'><strong>fertur</strong></span> <span class='ocrx_word' id='word_1_52' title='bbox 760 1432 898 1508; x_wconf 89' lang='lat' dir='ltr'><strong>ratione,</strong></span> <span class='ocrx_word' id='word_1_53' title='bbox 914 1433 1002 1509; x_wconf 90' lang='lat' dir='ltr'><strong>quod</strong></span> <span class='ocrx_word' id='word_1_54' title='bbox 1018 1431 1113 1494; x_wconf 91' lang='lat' dir='ltr'><strong>aiunt</strong></span> 
     </span>
     <span class='ocr_line' id='line_1_10' title="bbox 329 1541 1104 1620; baseline -0.001 -17"><span class='ocrx_word' id='word_1_55' title='bbox 329 1541 537 1604; x_wconf 89' lang='lat' dir='ltr'><strong>inmortalem</strong></span> <span class='ocrx_word' id='word_1_56' title='bbox 552 1541 697 1605; x_wconf 89' lang='lat' dir='ltr'><strong>animam</strong></span> <span class='ocrx_word' id='word_1_57' title='bbox 712 1548 841 1604; x_wconf 87' lang='lat' dir='ltr'><strong>mutato</strong></span> <span class='ocrx_word' id='word_1_58' title='bbox 855 1561 991 1620; x_wconf 90' lang='lat' dir='ltr'><strong>corpore</strong></span> <span class='ocrx_word' id='word_1_59' title='bbox 1008 1541 1104 1604; x_wconf 89' lang='lat' dir='ltr'><strong>flecti.</strong></span> 
     </span>
     <span class='ocr_line' id='line_1_11' title="bbox 313 1650 1186 1729; baseline -0.001 -16"><span class='ocrx_word' id='word_1_60' title='bbox 313 1651 418 1728; x_wconf 88' lang='lat' dir='ltr'><strong>(quod</strong></span> <span class='ocrx_word' id='word_1_61' title='bbox 439 1657 590 1714; x_wconf 90' lang='lat' dir='ltr'><strong>mutatur</strong></span> <span class='ocrx_word' id='word_1_62' title='bbox 612 1651 699 1712; x_wconf 92' lang='lat' dir='ltr'><strong>enim</strong></span> <span class='ocrx_word' id='word_1_63' title='bbox 721 1650 924 1727; x_wconf 86' lang='lat' dir='ltr'><strong>dissoluitur‚</strong></span> <span class='ocrx_word' id='word_1_64' title='bbox 945 1651 1062 1713; x_wconf 89' lang='lat' dir='ltr'><strong>interit</strong></span> <span class='ocrx_word' id='word_1_65' title='bbox 1083 1651 1186 1729; x_wconf 85' lang='lat' dir='ltr'><strong>ergo.)</strong></span> 
     </span>
     <span class='ocr_line' id='line_1_12' title="bbox 329 1759 1178 1838; baseline -0.002 -14"><span class='ocrx_word' id='word_1_66' title='bbox 329 1760 532 1824; x_wconf 89' lang='lat' dir='ltr'><strong>traiciuntur</strong></span> <span class='ocrx_word' id='word_1_67' title='bbox 548 1760 635 1823; x_wconf 89' lang='lat' dir='ltr'><strong>enim</strong></span> <span class='ocrx_word' id='word_1_68' title='bbox 650 1767 762 1838; x_wconf 87' lang='lat' dir='ltr'><strong>partes</strong></span> <span class='ocrx_word' id='word_1_69' title='bbox 777 1767 876 1838; x_wconf 90' lang='lat' dir='ltr'><strong>atque</strong></span> <span class='ocrx_word' id='word_1_70' title='bbox 892 1760 1007 1823; x_wconf 90' lang='lat' dir='ltr'><strong>ordine</strong></span> <span class='ocrx_word' id='word_1_71' title='bbox 1023 1759 1178 1838; x_wconf 88' lang='lat' dir='ltr'><strong>migrant.</strong></span> 
     </span>
     <span class='ocr_line' id='line_1_13' title="bbox 286 1869 1163 1948; baseline -0.002 -15"><span class='ocrx_word' id='word_1_72' title='bbox 286 1890 432 1948; x_wconf 89' lang='lat' dir='ltr'><strong>—quare</strong></span> <span class='ocrx_word' id='word_1_73' title='bbox 446 1869 583 1932; x_wconf 89' lang='lat' dir='ltr'><strong>dissolui</strong></span> <span class='ocrx_word' id='word_1_74' title='bbox 598 1890 726 1947; x_wconf 91' lang='lat' dir='ltr'><strong>quoque</strong></span> <span class='ocrx_word' id='word_1_75' title='bbox 741 1871 861 1933; x_wconf 91' lang='lat' dir='ltr'><strong>debent</strong></span> <span class='ocrx_word' id='word_1_76' title='bbox 877 1889 969 1947; x_wconf 89' lang='lat' dir='ltr'><strong>posse</strong></span> <span class='ocrx_word' id='word_1_77' title='bbox 985 1890 1045 1947; x_wconf 93' lang='lat' dir='ltr'><strong>per</strong></span> <span class='ocrx_word' id='word_1_78' title='bbox 1060 1876 1163 1946; x_wconf 89' lang='lat' dir='ltr'><strong>artus,</strong></span> 
     </span>
     <span class='ocr_line' id='line_1_14' title="bbox 328 1979 1190 2058; baseline -0.002 -16"><span class='ocrx_word' id='word_1_79' title='bbox 328 1979 471 2057; x_wconf 88' lang='lat' dir='ltr'><strong>denique</strong></span> <span class='ocrx_word' id='word_1_80' title='bbox 485 1987 524 2043; x_wconf 94' lang='lat' dir='ltr'><strong>ut</strong></span> <span class='ocrx_word' id='word_1_81' title='bbox 538 1980 705 2043; x_wconf 89' lang='lat' dir='ltr'><strong>intereant</strong></span> <span class='ocrx_word' id='word_1_82' title='bbox 719 2000 788 2042; x_wconf 89' lang='lat' dir='ltr'><strong>una</strong></span> <span class='ocrx_word' id='word_1_83' title='bbox 803 2000 877 2042; x_wconf 91' lang='lat' dir='ltr'><strong>cum</strong></span> <span class='ocrx_word' id='word_1_84' title='bbox 892 1999 1028 2058; x_wconf 92' lang='lat' dir='ltr'><strong>corpore</strong></span> <span class='ocrx_word' id='word_1_85' title='bbox 1043 1984 1190 2042; x_wconf 87' lang='lat' dir='ltr'><strong>cunctae.</strong></span> 
     </span>
     <span class='ocr_line' id='line_1_15' title="bbox 331 2089 1196 2167; baseline -0.003 -14"><span class='ocrx_word' id='word_1_86' title='bbox 331 2089 385 2153; x_wconf 84' lang='lat' dir='ltr'><strong>Sic</strong></span> <span class='ocrx_word' id='word_1_87' title='bbox 402 2090 528 2153; x_wconf 91' lang='lat' dir='ltr'><strong>animas</strong></span> <span class='ocrx_word' id='word_1_88' title='bbox 544 2089 714 2152; x_wconf 90' lang='lat' dir='ltr'><strong>hominum</strong></span> <span class='ocrx_word' id='word_1_89' title='bbox 733 2089 843 2151; x_wconf 88' lang='lat' dir='ltr'><strong>dicent</strong></span> <span class='ocrx_word' id='word_1_90' title='bbox 861 2089 896 2150; x_wconf 89' lang='lat' dir='ltr'><strong>in</strong></span> <span class='ocrx_word' id='word_1_91' title='bbox 913 2108 1052 2167; x_wconf 90' lang='lat' dir='ltr'><strong>corpora</strong></span> <span class='ocrx_word' id='word_1_92' title='bbox 1068 2108 1196 2166; x_wconf 87' lang='lat' dir='ltr'><strong>semper</strong></span> 
     </span>
     <span class='ocr_line' id='line_1_16' title="bbox 330 2198 1118 2276; baseline -0.001 -16"><span class='ocrx_word' id='word_1_93' title='bbox 330 2200 378 2261; x_wconf 89' lang='lat' dir='ltr'><strong>ire</strong></span> <span class='ocrx_word' id='word_1_94' title='bbox 393 2200 540 2263; x_wconf 89' lang='lat' dir='ltr'><strong>humana</strong></span> <span class='ocrx_word' id='word_1_95' title='bbox 547 2225 555 2275; x_wconf 89' lang='lat'>;</span> <span class='ocrx_word' id='word_1_96' title='bbox 571 2206 682 2261; x_wconf 90' lang='lat' dir='ltr'><strong>tamen</strong></span> <span class='ocrx_word' id='word_1_97' title='bbox 697 2218 854 2276; x_wconf 87' lang='lat' dir='ltr'><strong>quaeram</strong></span> <span class='ocrx_word' id='word_1_98' title='bbox 868 2219 928 2261; x_wconf 90' lang='lat' dir='ltr'><strong>cur</strong></span> <span class='ocrx_word' id='word_1_99' title='bbox 943 2218 959 2260; x_wconf 93' lang='lat' dir='ltr'><strong>e</strong></span> <span class='ocrx_word' id='word_1_100' title='bbox 974 2198 1118 2276; x_wconf 90' lang='lat' dir='ltr'><strong>sapienti</strong></span> 
     </span>
     <span class='ocr_line' id='line_1_17' title="bbox 330 2308 1164 2387; baseline -0.002 -16"><span class='ocrx_word' id='word_1_101' title='bbox 330 2310 434 2372; x_wconf 87' lang='lat' dir='ltr'><strong>stulta</strong></span> <span class='ocrx_word' id='word_1_102' title='bbox 451 2315 550 2387; x_wconf 92' lang='lat' dir='ltr'><strong>queat</strong></span> <span class='ocrx_word' id='word_1_103' title='bbox 566 2308 647 2386; x_wconf 89' lang='lat' dir='ltr'><strong>fieri,</strong></span> <span class='ocrx_word' id='word_1_104' title='bbox 665 2329 724 2371; x_wconf 88' lang='lat' dir='ltr'><strong>nec</strong></span> <span class='ocrx_word' id='word_1_105' title='bbox 741 2309 889 2387; x_wconf 89' lang='lat' dir='ltr'><strong>prudens</strong></span> <span class='ocrx_word' id='word_1_106' title='bbox 906 2308 949 2370; x_wconf 87' lang='lat' dir='ltr'><strong>sit</strong></span> <span class='ocrx_word' id='word_1_107' title='bbox 966 2328 1049 2385; x_wconf 89' lang='lat' dir='ltr'><strong>puer</strong></span> <span class='ocrx_word' id='word_1_108' title='bbox 1065 2308 1164 2384; x_wconf 85' lang='lat' dir='ltr'><strong>ullus,</strong></span> 
     </span>
     <span class='ocr_line' id='line_1_18' title="bbox 316 2417 1075 2497; baseline -0.004 -16"><span class='ocrx_word' id='word_1_109' title='bbox 316 2419 358 2497; x_wconf 90' lang='lat' dir='ltr'><strong>[si</strong></span> <span class='ocrx_word' id='word_1_110' title='bbox 372 2439 439 2481; x_wconf 92' lang='lat' dir='ltr'><strong>non</strong></span> <span class='ocrx_word' id='word_1_111' title='bbox 454 2426 545 2482; x_wconf 89' lang='lat' dir='ltr'><strong>certa</strong></span> <span class='ocrx_word' id='word_1_112' title='bbox 558 2439 618 2481; x_wconf 91' lang='lat' dir='ltr'><strong>suo</strong></span> <span class='ocrx_word' id='word_1_113' title='bbox 632 2418 712 2496; x_wconf 88' lang='lat' dir='ltr'><strong>quia</strong></span> <span class='ocrx_word' id='word_1_114' title='bbox 725 2418 846 2481; x_wconf 88' lang='lat' dir='ltr'><strong>semine</strong></span> <span class='ocrx_word' id='word_1_115' title='bbox 861 2417 1075 2495; x_wconf 88' lang='lat' dir='ltr'><strong>seminioque]</strong></span> 
     </span>
     <span class='ocr_line' id='line_1_19' title="bbox 330 2525 1243 2606; baseline -0.003 -15"><span class='ocrx_word' id='word_1_116' title='bbox 330 2549 389 2592; x_wconf 87' lang='lat' dir='ltr'><strong>nec</strong></span> <span class='ocrx_word' id='word_1_117' title='bbox 404 2534 474 2592; x_wconf 90' lang='lat' dir='ltr'><strong>tam</strong></span> <span class='ocrx_word' id='word_1_118' title='bbox 488 2529 604 2591; x_wconf 88' lang='lat' dir='ltr'><strong>doctus</strong></span> <span class='ocrx_word' id='word_1_119' title='bbox 619 2548 720 2605; x_wconf 91' lang='lat' dir='ltr'><strong>equae</strong></span> <span class='ocrx_word' id='word_1_120' title='bbox 735 2528 848 2606; x_wconf 91' lang='lat' dir='ltr'><strong>pullus</strong></span> <span class='ocrx_word' id='word_1_121' title='bbox 864 2547 963 2604; x_wconf 90' lang='lat' dir='ltr'><strong>quam</strong></span> <span class='ocrx_word' id='word_1_122' title='bbox 978 2525 1077 2588; x_wconf 83' lang='lat' dir='ltr'><strong>fortis</strong></span> <span class='ocrx_word' id='word_1_123' title='bbox 1091 2526 1167 2604; x_wconf 89' lang='lat' dir='ltr'><strong>equi</strong></span> <span class='ocrx_word' id='word_1_124' title='bbox 1181 2525 1243 2589; x_wconf 85' lang='lat' dir='ltr'><strong>uis.</strong></span> 
     </span>
     <span class='ocr_line' id='line_1_20' title="bbox 330 2638 1158 2714; baseline -0.005 -13"><span class='ocrx_word' id='word_1_125' title='bbox 330 2638 453 2701; x_wconf 81' lang='lat' dir='ltr'><strong>scilicet</strong></span> <span class='ocrx_word' id='word_1_126' title='bbox 469 2638 504 2700; x_wconf 91' lang='lat' dir='ltr'><strong>in</strong></span> <span class='ocrx_word' id='word_1_127' title='bbox 519 2644 634 2700; x_wconf 90' lang='lat' dir='ltr'><strong>tenero</strong></span> <span class='ocrx_word' id='word_1_128' title='bbox 647 2646 850 2701; x_wconf 82' lang='lat' dir='ltr'><strong>tenerascere</strong></span> <span class='ocrx_word' id='word_1_129' title='bbox 865 2655 1001 2714; x_wconf 90' lang='lat' dir='ltr'><strong>corpore</strong></span> <span class='ocrx_word' id='word_1_130' title='bbox 1016 2643 1158 2698; x_wconf 89' lang='lat' dir='ltr'><strong>mentem</strong></span> 
     </span>
     <span class='ocr_line' id='line_1_21' title="bbox 331 2746 1161 2825; baseline -0.002 -14"><span class='ocrx_word' id='word_1_131' title='bbox 331 2748 534 2825; x_wconf 84' lang='lat' dir='ltr'><strong>confugient.</strong></span> <span class='ocrx_word' id='word_1_132' title='bbox 571 2749 657 2825; x_wconf 93' lang='lat' dir='ltr'><strong>quod</strong></span> <span class='ocrx_word' id='word_1_133' title='bbox 673 2747 701 2809; x_wconf 92' lang='lat' dir='ltr'><strong>si</strong></span> <span class='ocrx_word' id='word_1_134' title='bbox 716 2746 781 2809; x_wconf 90' lang='lat' dir='ltr'><strong>iam</strong></span> <span class='ocrx_word' id='word_1_135' title='bbox 796 2746 844 2824; x_wconf 90' lang='lat' dir='ltr'><strong>fit,</strong></span> <span class='ocrx_word' id='word_1_136' title='bbox 860 2746 987 2809; x_wconf 80' lang='lat' dir='ltr'><strong>fateare</strong></span> <span class='ocrx_word' id='word_1_137' title='bbox 1002 2752 1161 2809; x_wconf 88' lang='lat' dir='ltr'><strong>necessest</strong></span> 
     </span>
     <span class='ocr_line' id='line_1_22' title="bbox 330 2856 1247 2933; baseline -0.003 -13"><span class='ocrx_word' id='word_1_138' title='bbox 330 2859 501 2921; x_wconf 89' lang='lat' dir='ltr'><strong>mortalem</strong></span> <span class='ocrx_word' id='word_1_139' title='bbox 516 2877 582 2919; x_wconf 89' lang='lat' dir='ltr'><strong>esse</strong></span> <span class='ocrx_word' id='word_1_140' title='bbox 598 2857 750 2932; x_wconf 90' lang='lat' dir='ltr'><strong>animam,</strong></span> <span class='ocrx_word' id='word_1_141' title='bbox 766 2856 921 2933; x_wconf 89' lang='lat' dir='ltr'><strong>quoniam</strong></span> <span class='ocrx_word' id='word_1_142' title='bbox 936 2862 1066 2919; x_wconf 88' lang='lat' dir='ltr'><strong>mutata</strong></span> <span class='ocrx_word' id='word_1_143' title='bbox 1079 2876 1138 2932; x_wconf 92' lang='lat' dir='ltr'><strong>per</strong></span> <span class='ocrx_word' id='word_1_144' title='bbox 1153 2862 1247 2918; x_wconf 88' lang='lat' dir='ltr'><strong>artus</strong></span> 
     </span>
     <span class='ocr_line' id='line_1_23' title="bbox 330 2965 1178 3045; baseline -0.005 -14"><span class='ocrx_word' id='word_1_145' title='bbox 330 2973 425 3033; x_wconf 86' lang='lat' dir='ltr'><strong>tanto</strong></span> <span class='ocrx_word' id='word_1_146' title='bbox 440 2987 538 3045; x_wconf 92' lang='lat' dir='ltr'><strong>opere</strong></span> <span class='ocrx_word' id='word_1_147' title='bbox 554 2966 678 3030; x_wconf 89' lang='lat' dir='ltr'><strong>amittit</strong></span> <span class='ocrx_word' id='word_1_148' title='bbox 693 2966 799 3029; x_wconf 89' lang='lat' dir='ltr'><strong>uitam</strong></span> <span class='ocrx_word' id='word_1_149' title='bbox 814 2985 1009 3042; x_wconf 89' lang='lat' dir='ltr'><strong>sensumque</strong></span> <span class='ocrx_word' id='word_1_150' title='bbox 1025 2965 1178 3043; x_wconf 92' lang='lat' dir='ltr'><strong>priorem.</strong></span> 
     </span>
     <span class='ocr_line' id='line_1_24' title="bbox 332 3076 1229 3156; baseline -0.004 -16"><span class='ocrx_word' id='word_1_151' title='bbox 332 3078 445 3156; x_wconf 81' lang='lat' dir='ltr'><strong>Quoue</strong></span> <span class='ocrx_word' id='word_1_152' title='bbox 461 3078 558 3140; x_wconf 91' lang='lat' dir='ltr'><strong>modo</strong></span> <span class='ocrx_word' id='word_1_153' title='bbox 573 3076 696 3154; x_wconf 93' lang='lat' dir='ltr'><strong>poterit</strong></span> <span class='ocrx_word' id='word_1_154' title='bbox 713 3076 840 3153; x_wconf 89' lang='lat' dir='ltr'><strong>pariter</strong></span> <span class='ocrx_word' id='word_1_155' title='bbox 857 3096 931 3137; x_wconf 90' lang='lat' dir='ltr'><strong>cum</strong></span> <span class='ocrx_word' id='word_1_156' title='bbox 948 3094 1084 3151; x_wconf 89' lang='lat' dir='ltr'><strong>corpore</strong></span> <span class='ocrx_word' id='word_1_157' title='bbox 1101 3093 1229 3151; x_wconf 93' lang='lat' dir='ltr'><strong>quoque</strong></span> 
     </span>
     <span class='ocr_line' id='line_1_25' title="bbox 331 3185 1107 3264; baseline -0.005 -15"><span class='ocrx_word' id='word_1_158' title='bbox 331 3187 525 3250; x_wconf 87' lang='lat' dir='ltr'><strong>confirmata</strong></span> <span class='ocrx_word' id='word_1_159' title='bbox 540 3186 691 3264; x_wconf 89' lang='lat' dir='ltr'><strong>cupitum</strong></span> <span class='ocrx_word' id='word_1_160' title='bbox 708 3185 826 3249; x_wconf 89' lang='lat' dir='ltr'><strong>aetatis</strong></span> <span class='ocrx_word' id='word_1_161' title='bbox 842 3192 978 3262; x_wconf 91' lang='lat' dir='ltr'><strong>tangere</strong></span> <span class='ocrx_word' id='word_1_162' title='bbox 995 3185 1107 3246; x_wconf 90' lang='lat' dir='ltr'><strong>florem</strong></span> 
     </span>
     <span class='ocr_line' id='line_1_26' title="bbox 330 3293 1156 3373; baseline -0.006 -13"><span class='ocrx_word' id='word_1_163' title='bbox 330 3296 383 3360; x_wconf 91' lang='lat' dir='ltr'><strong>uis</strong></span> <span class='ocrx_word' id='word_1_164' title='bbox 399 3296 510 3373; x_wconf 86' lang='lat' dir='ltr'><strong>animi,</strong></span> <span class='ocrx_word' id='word_1_165' title='bbox 526 3296 591 3357; x_wconf 90' lang='lat' dir='ltr'><strong>nisi</strong></span> <span class='ocrx_word' id='word_1_166' title='bbox 607 3295 670 3358; x_wconf 93' lang='lat' dir='ltr'><strong>erit</strong></span> <span class='ocrx_word' id='word_1_167' title='bbox 686 3315 817 3357; x_wconf 88' lang='lat' dir='ltr'><strong>consors</strong></span> <span class='ocrx_word' id='word_1_168' title='bbox 833 3294 869 3355; x_wconf 91' lang='lat' dir='ltr'><strong>in</strong></span> <span class='ocrx_word' id='word_1_169' title='bbox 885 3293 1011 3371; x_wconf 82' lang='lat' dir='ltr'><strong>origine</strong></span> <span class='ocrx_word' id='word_1_170' title='bbox 1027 3293 1156 3370; x_wconf 86' lang='lat' dir='ltr'><strong>primal</strong></span> 
     </span>
     <span class='ocr_line' id='line_1_27' title="bbox 332 3401 1196 3485; baseline -0.006 -16"><span class='ocrx_word' id='word_1_171' title='bbox 332 3407 463 3485; x_wconf 81' lang='lat' dir='ltr'><strong>Quidue</strong></span> <span class='ocrx_word' id='word_1_172' title='bbox 480 3405 572 3468; x_wconf 85' lang='lat' dir='ltr'><strong>foras</strong></span> <span class='ocrx_word' id='word_1_173' title='bbox 588 3405 651 3467; x_wconf 91' lang='lat' dir='ltr'><strong>sibi</strong></span> <span class='ocrx_word' id='word_1_174' title='bbox 667 3405 743 3468; x_wconf 89' lang='lat' dir='ltr'><strong>uult</strong></span> <span class='ocrx_word' id='word_1_175' title='bbox 759 3403 913 3467; x_wconf 90' lang='lat' dir='ltr'><strong>membris</strong></span> <span class='ocrx_word' id='word_1_176' title='bbox 931 3403 1020 3466; x_wconf 88' lang='lat' dir='ltr'><strong>exire</strong></span> <span class='ocrx_word' id='word_1_177' title='bbox 1037 3401 1196 3465; x_wconf 81' lang='lat' dir='ltr'><strong>senectisl</strong></span> 
     </span>
     <span class='ocr_line' id='line_1_28' title="bbox 331 3512 1131 3591; baseline -0.008 -12"><span class='ocrx_word' id='word_1_178' title='bbox 331 3538 374 3580; x_wconf 90' lang='lat' dir='ltr'><strong>an</strong></span> <span class='ocrx_word' id='word_1_179' title='bbox 388 3516 507 3579; x_wconf 90' lang='lat' dir='ltr'><strong>metuit</strong></span> <span class='ocrx_word' id='word_1_180' title='bbox 522 3516 674 3578; x_wconf 90' lang='lat' dir='ltr'><strong>conclusa</strong></span> <span class='ocrx_word' id='word_1_181' title='bbox 688 3533 820 3577; x_wconf 88' lang='lat' dir='ltr'><strong>manere</strong></span> <span class='ocrx_word' id='word_1_182' title='bbox 835 3513 871 3574; x_wconf 93' lang='lat' dir='ltr'><strong>in</strong></span> <span class='ocrx_word' id='word_1_183' title='bbox 886 3532 1021 3591; x_wconf 91' lang='lat' dir='ltr'><strong>corpore</strong></span> <span class='ocrx_word' id='word_1_184' title='bbox 1037 3512 1131 3590; x_wconf 91' lang='lat' dir='ltr'><strong>putri</strong></span> 
     </span>
     <span class='ocr_line' id='line_1_29' title="bbox 331 3622 1065 3702; baseline -0.01 -12"><span class='ocrx_word' id='word_1_185' title='bbox 331 3633 363 3691; x_wconf 89' lang='lat' dir='ltr'><strong>et</strong></span> <span class='ocrx_word' id='word_1_186' title='bbox 380 3628 496 3690; x_wconf 90' lang='lat' dir='ltr'><strong>domus</strong></span> <span class='ocrx_word' id='word_1_187' title='bbox 512 3624 630 3688; x_wconf 86' lang='lat' dir='ltr'><strong>aetatis</strong></span> <span class='ocrx_word' id='word_1_188' title='bbox 646 3624 754 3702; x_wconf 88' lang='lat' dir='ltr'><strong>spatio</strong></span> <span class='ocrx_word' id='word_1_189' title='bbox 770 3645 811 3687; x_wconf 89' lang='lat' dir='ltr'><strong>ne</strong></span> <span class='ocrx_word' id='word_1_190' title='bbox 829 3622 916 3686; x_wconf 80' lang='lat' dir='ltr'><strong>fessa</strong></span> <span class='ocrx_word' id='word_1_191' title='bbox 932 3629 1065 3685; x_wconf 90' lang='lat' dir='ltr'><strong>uetusto</strong></span> 
     </span>
     <span class='ocr_line' id='line_1_30' title="bbox 331 3731 1150 3810; baseline -0.007 -10"><span class='ocrx_word' id='word_1_192' title='bbox 331 3738 450 3800; x_wconf 88' lang='lat' dir='ltr'><strong>obruat</strong></span> <span class='ocrx_word' id='word_1_193' title='bbox 459 3740 550 3798; x_wconf 86' lang='lat' dir='ltr'><strong>‘l—at</strong></span> <span class='ocrx_word' id='word_1_194' title='bbox 565 3755 631 3796; x_wconf 93' lang='lat' dir='ltr'><strong>non</strong></span> <span class='ocrx_word' id='word_1_195' title='bbox 646 3739 725 3796; x_wconf 91' lang='lat' dir='ltr'><strong>sunt</strong></span> <span class='ocrx_word' id='word_1_196' title='bbox 740 3732 918 3796; x_wconf 88' lang='lat' dir='ltr'><strong>immortali</strong></span> <span class='ocrx_word' id='word_1_197' title='bbox 932 3733 1002 3794; x_wconf 90' lang='lat' dir='ltr'><strong>ulla</strong></span> <span class='ocrx_word' id='word_1_198' title='bbox 1017 3731 1150 3810; x_wconf 87' lang='lat' dir='ltr'><strong>pericla.</strong></span> 
     </span>
    </p>
   </div>
   <div class='ocr_carea' id='block_1_3' title="bbox 331 3864 953 3999">
    <p class='ocr_par' dir='ltr' id='par_1_3' title="bbox 331 3864 953 3999">
     <span class='ocr_line' id='line_1_31' title="bbox 331 3864 953 3929; baseline -0.01 -11"><span class='ocrx_word' id='word_1_199' title='bbox 331 3868 464 3929; x_wconf 74' lang='lat' dir='ltr'><strong>760oalp.</strong></span> <span class='ocrx_word' id='word_1_200' title='bbox 482 3864 525 3917; x_wconf 89' lang='lat' dir='ltr'><strong>sin</strong></span> <span class='ocrx_word' id='word_1_201' title='bbox 543 3866 611 3928; x_wconf 78' lang='lat' dir='ltr'><strong>fort.</strong></span> <span class='ocrx_word' id='word_1_202' title='bbox 631 3865 676 3915; x_wconf 81' lang='lat' dir='ltr'><strong>Sic</strong></span> <span class='ocrx_word' id='word_1_203' title='bbox 695 3902 701 3914; x_wconf 90' lang='lat'><strong>.</strong></span> <span class='ocrx_word' id='word_1_204' title='bbox 722 3901 728 3913; x_wconf 91' lang='lat'><strong>.</strong></span> <span class='ocrx_word' id='word_1_205' title='bbox 748 3902 754 3914; x_wconf 91' lang='lat'><strong>.</strong></span> <span class='ocrx_word' id='word_1_206' title='bbox 773 3865 798 3914; x_wconf 91' lang='lat' dir='ltr'><strong>si</strong></span> <span class='ocrx_word' id='word_1_207' title='bbox 815 3864 953 3914; x_wconf 91' lang='lat' dir='ltr'><strong>hominum</strong></span> 
     </span>
     <span class='ocr_line' id='line_1_32' title="bbox 331 3934 566 3999; baseline -0.017 -13"><span class='ocrx_word' id='word_1_208' title='bbox 331 3937 383 3986; x_wconf 85' lang='grc'><strong>764</strong></span> <span class='ocrx_word' id='word_1_209' title='bbox 392 3937 460 3999; x_wconf 78' lang='lat' dir='ltr'><strong>fort.</strong></span> <span class='ocrx_word' id='word_1_210' title='bbox 477 3934 566 3999; x_wconf 89' lang='lat' dir='ltr'><strong>pollus</strong></span> 
     </span>
    </p>
   </div>
   <div class='ocr_carea' id='block_1_4' title="bbox 0 0 1607 4682">
    <p class='ocr_par' dir='ltr' id='par_1_4' title="bbox 0 0 1607 4682">
     <span class='ocr_line' id='line_1_33' title="bbox 0 0 1607 4682; baseline 0 0"><span class='ocrx_word' id='word_1_211' title='bbox 0 0 1607 4682; x_wconf 95' lang='lat' dir='ltr'><strong> </strong></span> 
     </span>
    </p>
   </div>
  </div>
 </body>
</html>
