3234 4684
504 456 535 505 T.
553 457 716 507 avenas]
734 457 822 508 CARI

518 669 568 718 DE
588 668 808 719 ABSENTHIO

127 761 162 817 at
179 761 300 819 contra
315 762 425 820 taetra
441 756 586 820 absinthi
602 765 724 821 natura
740 757 870 835 ferique

127 864 284 927 centauri
303 865 401 928 foedo
417 873 634 944 pertorquent
652 887 709 931 ora
727 887 861 945 sapore3

126 980 166 1036 ut
183 973 286 1037 facile
304 995 461 1052 agnoscas
477 998 493 1039 e
510 976 638 1039 leuibus
655 984 753 1054 atque
770 976 928 1040 rutundis

126 1103 196 1146 esse
213 1105 254 1147 ea
268 1104 351 1161 quae
366 1105 479 1148 sensus
495 1086 638 1150 iucunde
652 1093 789 1163 tangere
803 1093 951 1164 possunt.

127 1200 163 1255 at
180 1200 301 1256 contra
317 1214 400 1271 quae
417 1215 530 1258 amara
546 1202 644 1272 abque
662 1215 780 1273 aspera
796 1216 934 1273 cumque
950 1195 1119 1272 uidentur,

126 1302 209 1366 haec
225 1303 331 1380 magis
347 1304 465 1367 amatis
480 1304 567 1367 inter
582 1325 615 1368 se
631 1326 717 1368 nexa
730 1305 836 1367 teneri

127 1419 374 1490 proptereaque
391 1414 494 1477 solere
511 1414 584 1476 uias
601 1414 786 1477 rescindere
804 1414 925 1477 nostris

128 1521 282 1584 sensibus
297 1522 502 1600 introituque
518 1544 578 1585 suo
592 1518 806 1601 perrumpere
822 1544 951 1601 corpus.

449 1629 499 1679 DE
521 1629 669 1679 SERRAE
690 1629 877 1680 STRIDORE

152 1783 155 1789 ,
194 1715 316 1779 Omnia
331 1723 497 1794 postremo
511 1719 597 1780 bona
611 1718 760 1781 sensibus
775 1725 807 1781 et
821 1719 909 1782 mala
923 1725 1016 1781 tactu

128 1825 285 1887 dissimili
301 1817 388 1889 inter
405 1847 438 1891 se
455 1834 607 1905 pugnant
624 1827 775 1905 perfecta
789 1828 906 1905 figura.

130 1955 171 1998 ae
185 1941 226 1998 tu
241 1934 329 1999 forte
344 1942 440 2014 putes
454 1956 563 2000 serrae
578 1937 749 2000 stridentis
764 1938 917 2000 acerbum

129 2044 301 2107 horrorem
319 2053 468 2109 constare
485 2046 654 2109 elementis
669 2046 798 2108 leuibus
815 2066 922 2125 aeque¹

130 2173 168 2215 ac
182 2160 319 2217 musaea
333 2156 424 2230 mele,
442 2176 502 2232 per
518 2157 656 2217 chordas
673 2155 820 2233 organici
836 2176 919 2233 quae

130 2262 307 2326 mobilibus
327 2263 441 2341 digitis
461 2264 693 2342 expergefacta
712 2265 877 2342 figurant;

131 2392 196 2435 ceu
214 2372 315 2435 simili
333 2378 507 2450 penetrare
525 2380 621 2451 putes
638 2374 822 2451 primordia
839 2374 948 2438 forma
991 2357 994 2364 ¹

131 2480 166 2542 in
182 2502 281 2545 nares
296 2482 475 2559 hominum,
492 2504 566 2545 cum
581 2491 689 2546 taetra
706 2485 869 2547 cadauera
885 2491 1023 2561 torrent,

132 2597 163 2653 et
179 2612 255 2654 cum
271 2612 366 2654 scena
382 2612 477 2655 croco
492 2592 586 2655 Cilici
603 2593 740 2671 perfusa
756 2614 868 2656 recens
884 2600 932 2657 est

133 2719 256 2778 araque
269 2701 461 2764 'Panchaeos
479 2702 587 2765 exalat
605 2710 742 2779 propter
760 2704 884 2765 odores

132 2828 216 2874 neue
231 2811 333 2873 bonos
348 2831 459 2873 rerum
474 2811 575 2873 simili
590 2820 739 2875 constare
756 2812 878 2875 colores

132 2919 255 2981 semine
271 2920 461 2996 constituas,
478 2921 587 2983 oculos
603 2921 660 2998 qui
676 2941 808 2999 pascere
825 2928 972 3000 possunt,

133 3034 164 3090 et
180 3029 239 3106 qui
254 3036 472 3106 conpungunt
487 3029 589 3093 aciem
604 3031 841 3108 lacrimareque
857 3038 979 3109 cogunt

134 3145 191 3201 aut
210 3137 307 3201 foeda
324 3138 430 3216 specie
451 3150 483 3210 <
489 3138 542 3202 foe
549 3138 621 3211 >di
637 3145 817 3216 turpesque
834 3140 1004 3203 uidentur.

95 3247 239 3309 —omnis
255 3247 351 3324 enim,
369 3268 482 3311 sensus
498 3269 581 3325 quae
599 3249 720 3311 mulcet
737 3269 884 3326 cumque,
907 3250 1089 3328 <figura>

134 3355 216 3419 haut
232 3355 301 3419 sine
318 3356 510 3434 principiali
527 3356 639 3434 aliquo
653 3358 763 3420 leuore
780 3364 939 3435 creatast;

135 3471 169 3527 at
182 3472 298 3530 contra
313 3486 535 3544 quaecumque
550 3466 687 3529 molesta
701 3472 799 3543 atque
815 3487 932 3544 aspera
946 3475 1083 3545 constat,

135 3593 200 3636 non
216 3575 328 3652 aliquo
343 3575 413 3638 sine
429 3575 586 3638 materiae
602 3575 754 3652 squalore
770 3583 944 3653 repertast.

136 3689 213 3746 sunt
229 3683 327 3748 etiam
344 3698 428 3762 quae
444 3684 509 3747 iam
525 3705 585 3748 nec
601 3684 689 3748 leuia
706 3685 778 3748 iure
795 3691 959 3773 putantur

136 3811 201 3856 esse
215 3814 320 3871 neque
336 3793 468 3857 omnino
482 3793 574 3856 flexis
589 3793 802 3857 mucronibus
816 3814 911 3871 unca,

137 3903 189 3965 sed
204 3903 308 3981 magis
323 3903 461 3982 angellis
476 3904 613 3981 paulum
628 3902 864 3981 prestantibus,
880 3904 977 3981 utqui

137 4010 272 4077 titillare
288 4012 392 4090 magis
409 4032 524 4075 sensus
540 4032 639 4089 quam
655 4013 785 4075 laedere
803 4011 947 4089 possint;

147 4143 195 4192 421
205 4144 278 4204 vulp.
297 4143 422 4202 <di>ri

636 4227 694 4278 [58]
