3190 4682
537 466 567 515 T.
588 465 751 516 LVORETI
771 464 859 515 CARI

128 702 241 746 -oam
256 684 338 746 bene
354 680 412 760 qui
427 679 573 745 didicere
589 682 666 744 deos
682 700 833 744 securum
851 701 947 759 agere
964 698 1088 761 aeuom,

165 792 192 854 si
207 799 318 855 tamen
333 791 460 855 interea
476 790 642 853 mirantur
657 810 724 868 qua
739 790 866 853 ratione

165 921 311 979 quaeque
330 900 401 979 geri
419 899 555 979 possint,
574 899 769 978 praesertim
787 901 884 962 rebus
902 899 938 959 in
957 897 1023 961 illis

165 1031 247 1088 quae
262 1030 384 1089 supera
398 1016 499 1089 caput
514 1009 668 1073 aetheriis
683 1015 867 1072 cernuntur
882 1008 918 1069 in
932 1007 1008 1084 oris,

164 1140 280 1183 rursus
297 1120 333 1181 in
351 1120 505 1197 antiquas
523 1118 718 1183 referuntur
736 1117 910 1195 religiones

163 1237 195 1293 et
211 1230 360 1292 dominos
375 1229 460 1293 acris
477 1229 674 1304 adsciscunt,
691 1228 801 1291 omnia
817 1247 909 1305 posse

164 1360 245 1417 quos
259 1339 371 1402 miseri
386 1340 536 1415 credunt,
554 1337 663 1416 ignari
680 1337 761 1415 quid
776 1342 875 1415 queat
892 1358 969 1413 esse,

163 1450 245 1527 quid
261 1456 411 1527 nequeat,
429 1448 526 1511 finita
541 1453 686 1526 potestas
702 1446 843 1524 denique
860 1447 978 1524 cuique

162 1579 307 1637 quanam
322 1558 365 1621 sit
380 1558 509 1621 ratione
524 1565 623 1635 atque
639 1557 704 1620 alte
718 1556 880 1620 terminus
895 1557 1043 1619 haerens.

227 1922 322 2000 Quod
338 1927 498 1999 superest,
516 1941 557 1984 ne
573 1926 605 1984 te
623 1919 658 1981 in
675 1919 844 1998 promissis
860 1919 959 1997 plura
975 1938 1149 1994 moremur,

331 2027 440 2077 MARE
458 2026 616 2078 GAELVM
635 2025 793 2075 TERRAM
811 2024 1050 2075 INTERITVRA

160 2115 329 2195 principio
345 2115 452 2179 maria
468 2136 505 2179 ac
523 2122 629 2179 terras
647 2115 837 2192 caelumque
854 2122 965 2189 tucre;

161 2246 303 2304 quorum
320 2232 476 2288 naturam
492 2224 667 2303 triplicem,
686 2223 753 2287 tria
770 2243 918 2301 corpora,
937 2222 1079 2298 Memmi,

160 2336 226 2399 tris
240 2335 364 2414 species
379 2342 448 2398 tam
465 2334 641 2410 dissimilis,
659 2333 727 2397 tria
742 2334 825 2396 talia
840 2339 941 2409 texta,

160 2465 231 2508 una
245 2444 314 2507 dies
329 2444 422 2507 dabit
437 2444 546 2520 exitio,
562 2444 746 2521 multosque
762 2463 821 2521 per
837 2463 940 2506 annos

160 2560 348 2617 sustentata
365 2562 441 2616 ruet
457 2555 557 2617 moles
575 2561 607 2617 et
624 2553 776 2617 machina
794 2553 920 2615 mundi.
1040 2638 1042 2643 Ι

143 2664 222 2740 (nec
239 2683 290 2725 me
308 2662 410 2727 animi
428 2662 519 2726 fallit
535 2683 633 2740 quarn
651 2683 702 2725 res
719 2682 808 2725 noua
824 2662 972 2740 miraque
990 2660 1093 2724 menti

160 2773 291 2836 accidat
309 2773 446 2836 exitium
465 2773 546 2836 caeli
562 2780 735 2850 terraeque
754 2771 918 2849 futurum,

160 2889 194 2945 ct
211 2903 310 2960 quam
326 2881 457 2946 difficile
474 2882 509 2944 id
525 2881 606 2944 mihi
623 2882 666 2945 sit
684 2881 876 2960 peruincere
894 2880 1008 2956 dictis3

160 2998 200 3054 ut
216 2992 254 3054 fit
270 2990 328 3054 ubi
343 2991 510 3055 insolitam
526 3013 594 3055 rern
611 2992 766 3070 adportes
782 2991 919 3054 auribus
936 2998 1012 3054 ante

159 3122 221 3164 nec
236 3108 347 3163 tamen
362 3102 451 3164 hanc
463 3101 567 3180 possis
583 3102 752 3164 oculorum
768 3101 907 3163 subdere
924 3099 1000 3163 uisu

159 3231 220 3273 nec
237 3210 343 3274 iacere
360 3211 442 3273 indu
459 3231 586 3287 manus,
603 3210 660 3274 uia
676 3231 742 3288 qua
758 3211 889 3273 munita
904 3210 981 3283 fidei

161 3319 313 3398 proxima
327 3319 395 3382 iert
409 3321 590 3383 humanum
606 3320 642 3381 in
657 3328 772 3397 pectus
787 3321 974 3398 templaque
989 3318 1117 3382 mentis.

160 3430 217 3492 sed
233 3436 345 3492 tamen
361 3429 501 3493 effabor:
520 3430 617 3492 dictis
634 3430 726 3493 dabit
744 3430 816 3507 ipsa
832 3430 930 3492 fidem
946 3449 998 3492 res

160 3538 304 3602 forsitan
320 3545 353 3602 et
368 3539 517 3617 grauiter
532 3546 698 3602 terrarum
713 3539 856 3602 motibus
872 3539 953 3601 ortis

161 3649 271 3712 omnia
289 3648 500 3726 conquassari
518 3648 554 3709 in
572 3669 678 3727 paruo
695 3656 843 3726 ternpore
861 3669 982 3712 cernes

116 3760 248 3836 -quod
264 3759 381 3836 procul
397 3778 416 3821 a
431 3758 524 3820 nobis
539 3738 650 3820 flectat
666 3757 804 3821 fortuna
820 3760 1017 3836 gubernans,

161 3874 192 3930 et
209 3867 297 3931 ratio
313 3867 424 3945 potius
440 3887 539 3944 quam
556 3887 608 3929 res
625 3868 823 3945 persuadeat
840 3868 912 3945 ipsa

160 3977 327 4040 succidere
346 3975 517 4039 horrisono
536 3995 628 4054 posse
648 3976 756 4040 omnia
774 3977 865 4040 uicta
884 3976 1043 4055 fragore.)

656 4233 729 4286 [167]
