3234 4686
676 445 727 494 DE
745 445 877 494 RERVM
895 446 1049 495 NATVRA
1073 446 1096 494 V

373 667 452 722 sunt
468 666 500 723 et
515 661 609 738 larga
625 680 685 723 suo
699 661 770 725 sine
785 662 910 739 pabula
925 668 1024 739 parta
1038 663 1159 739 labore,

374 789 458 846 quae
474 770 592 832 damus
606 770 764 833 utilitatis
781 791 894 834 eorum
909 770 1058 848 praemia
1073 771 1199 848 causa.)

373 885 409 942 ct
424 878 499 957 quis
512 879 561 941 nil
575 879 694 943 horum
708 879 829 943 tribuit
843 887 976 957 natura,
992 901 1052 944 nec
1068 881 1141 959 ipsa

373 993 490 1066 sponte
505 1008 566 1052 sua
581 996 714 1067 possent
730 996 769 1052 ut
784 990 899 1052 uiuere
915 1010 974 1052 nec
991 991 1070 1053 dare
1086 990 1179 1052 nobis

372 1098 554 1162 utilitatem
569 1098 714 1176 aliquam
731 1120 833 1176 quare
849 1106 1040 1177 pateremur
1056 1119 1168 1163 eorum

373 1207 540 1285 praesidio
553 1215 667 1270 nostro
680 1208 771 1286 pasci
786 1229 889 1286 genus
904 1229 1036 1287 esseque
1051 1216 1171 1285 tutum,

372 1316 496 1380 scilicet
512 1319 592 1380 haec
609 1317 682 1380 aliis
699 1319 842 1395 praedae
858 1319 1015 1395 lucroque
1031 1318 1182 1381 iacebant

373 1426 572 1505 indupedita
587 1427 656 1490 suis
673 1427 833 1490 fatalibus
849 1427 959 1490 omnia
974 1427 1104 1504 uinclis,

373 1537 475 1599 donec
492 1537 535 1599 ad
552 1536 726 1600 interitum
742 1557 845 1614 genus
861 1537 896 1599 id
912 1544 1036 1600 natura
1052 1536 1189 1615 redegit.

759 1642 809 1693 DE
831 1642 1046 1693 OENTAVRIS

436 1730 501 1793 Sed
517 1751 623 1809 neque
641 1731 800 1794 Centauri
815 1731 964 1808 fuerunt,
980 1753 1040 1795 nec
1057 1739 1202 1809 tempore
1219 1731 1254 1793 in
1270 1731 1337 1794 ullo

373 1860 439 1904 esse
457 1847 583 1918 queunt
600 1840 726 1918 duplici
742 1847 864 1904 natura
881 1848 913 1902 et
926 1861 1064 1918 ,corpore
1080 1842 1166 1917 bino,

373 1971 413 2013 ex
429 1949 623 2028 alienigenis
637 1949 791 2014 membris
808 1957 978 2028 compacta
994 1957 1149 2028 potestas,

371 2058 449 2121 hinc
466 2059 558 2123 illino
573 2081 636 2137 par
652 2060 704 2122 uis
719 2064 762 2122 ut‘
775 2065 826 2123 sat
842 2081 904 2138 par
921 2080 987 2122 esse
1004 2060 1145 2137 potissit.

372 2169 407 2230 id
425 2169 503 2232 licet
518 2169 595 2231 hinc
613 2168 765 2247 quamuis
779 2169 888 2232 hebeti
906 2189 1098 2247 cognoscere
1116 2170 1222 2232 corde.

371 2277 539 2356 principio
555 2278 679 2341 circum
694 2278 803 2341 tribus
819 2279 901 2342 actis
918 2279 1058 2357 impiger
1076 2278 1171 2342 annis

369 2387 467 2451 floret
483 2408 567 2465 cous,
586 2408 670 2466 puer
685 2389 951 2466 hautquaquam3
969 2409 1046 2450 nam
1063 2409 1160 2465 saepe
1176 2388 1276 2451 etiam
1292 2405 1376 2450 nunc

372 2499 474 2561 ubera
492 2518 709 2561 mammarum
726 2497 899 2580 insomnis
917 2497 1078 2560 laetantia
1095 2503 1240 2574 quaeret.

367 2612 446 2684 post
460 2606 519 2669 ubi
534 2627 626 2671 ecum
640 2607 772 2670 ualidae
786 2606 876 2670 uires
890 2613 997 2670 aetate
1013 2613 1143 2670 senecta

371 2716 581 2793 membraque
598 2715 756 2779 deficiunt
773 2715 918 2792 fugienti
934 2715 1095 2793 languida
1110 2715 1192 2792 uita,

371 2832 443 2888 tum
460 2826 590 2889 demum
606 2825 728 2903 puerili
744 2846 825 2889 aeuo
841 2825 977 2888 florente
994 2825 1149 2888 iuuentas

372 2934 492 2998 sufficit
508 2942 540 2998 et
555 2935 647 2998 molli
661 2934 763 2998 uestit
779 2934 937 3012 lanugine
953 2935 1065 2997 malas.

329 3066 413 3108 —ne
430 3044 518 3108 forte
535 3066 575 3108 ex
589 3044 720 3108 homine
738 3050 770 3108 et
785 3044 936 3106 ueterino
951 3043 1072 3107 semine
1089 3064 1248 3120 equorum

372 3153 505 3217 confieri
523 3154 637 3217 credas
657 3154 840 3217 Centauros
856 3171 949 3230 posse
967 3172 1073 3230 neque
1091 3172 1167 3229 esse,

791 3258 841 3308 DE
866 3258 1011 3309 SCYLLA

372 3356 431 3412 aut
447 3348 573 3411 rabidis
589 3347 725 3411 canibus
741 3347 924 3410 succinctas
940 3346 1158 3410 semimarinis

372 3458 564 3536 corporibus
581 3457 708 3534 Scyllas
725 3465 757 3520 et
773 3463 881 3520 cetera
898 3456 1070 3532 degenere
1086 3456 1213 3532 horum,

371 3568 459 3630 inter
475 3587 508 3629 se
524 3587 665 3645 quorum
681 3565 846 3628 discordia
860 3566 1006 3628 membra
1021 3564 1189 3641 uidemus;

372 3699 455 3757 quae
471 3698 577 3754 neque
593 3676 769 3738 florescunt
785 3675 912 3752 pariter
928 3694 987 3736 nec
1004 3674 1122 3736 robora
1137 3680 1273 3736 sumunt

372 3787 566 3864 corporibus
581 3804 686 3863 neque
703 3784 882 3862 proficiunt
899 3787 1006 3846 aetate
1024 3788 1153 3845 senecta

383 3912 432 3960 881
443 3913 476 3960 ut
491 3925 547 3959 non
562 3909 601 3959 sit
615 3924 682 3973 pars

382 3979 433 4028 885
443 3978 515 4038 carly.
530 3977 672 4029 lactantia

382 4047 432 4095 888
443 4046 515 4105 aare.
529 4045 623 4109 pueris

382 4114 433 4163 889
443 4113 527 4164 officit
560 4114 632 4173 vaip.
650 4112 755 4176 occipit

383 4182 434 4230 896
444 4181 516 4241 culp.
529 4180 667 4244 proiciunt

867 4246 940 4297 [194]
