3234 4684
679 405 709 455 Τ.
728 406 891 457 Lucam
909 408 998 459 CARI

264 618 387 681 -haec
402 617 507 697 igitur
520 618 636 698 minui,
652 642 727 684 cum
741 621 808 685 sint
824 622 957 700 detrita,
973 623 1133 687 uidemus.

307 728 365 790 aed
380 747 464 805 quae
480 748 619 808 corpora
633 730 794 794 decedant
810 731 845 793 in
860 739 1007 811 tempore
1024 753 1161 811 quoque,

307 836 425 901 inuida
441 839 621 917 praeclusit
637 840 777 917 speeiem
793 848 917 905 natura
932 842 1080 905 uidendi.

265 955 473 1024 *postremo
490 968 714 1026 quaecumque
730 949 802 1012 dies
818 957 1004 1028 naturaque
1022 954 1120 1014 rebus

308 1056 471 1134 paulatim
489 1057 618 1135 tribuit,
636 1059 832 1122 moderatim
851 1081 993 1124 crescere
1012 1081 1138 1139 cogens,

307 1166 401 1229 nulla
416 1173 525 1246 potest
540 1168 709 1231 oculorum
725 1169 810 1232 acies
826 1176 980 1233 contenta
996 1170 1101 1247 tueri3

307 1295 367 1339 nec
383 1296 483 1353 porro
500 1297 722 1354 quaecumque
740 1298 821 1341 aeuo
837 1279 1002 1356 macieque
1020 1286 1202 1357 senescunt,

307 1404 377 1462 nec,
394 1405 484 1449 mare
502 1406 584 1463 quae
602 1386 794 1466 inpendent,
813 1408 910 1451 uesco
925 1390 992 1452 sale
1009 1409 1090 1453 saxa
1106 1410 1220 1468 peresa

308 1494 389 1572 quid
406 1516 535 1573 quoque
552 1496 708 1566 amittant
725 1496 760 1558 in
777 1504 924 1576 tempore
941 1519 1073 1562 eernere
1091 1499 1203 1577 possis.

264 1604 500 1683 -corporibus
516 1604 619 1667 caecis
636 1605 741 1682 igitur
757 1600 879 1670 natura
896 1607 982 1685 gerit
998 1628 1059 1671 res.

369 1883 437 1946 Nec
452 1889 562 1947 tamen
578 1884 725 1961 undique
741 1906 899 1963 corporea
913 1879 1040 1963 stipata
1053 1891 1210 1950 tenentur

308 1992 418 2055 omnia
433 2000 572 2069 natura3
589 2014 730 2071 namque
745 2002 793 2057 est
809 1995 844 2056 in
860 1997 957 2058 rebus
974 1995 1081 2058 inane.

293 2102 397 2179 (quod
412 2101 474 2164 tibi
491 2122 643 2180 cognosse
658 2103 694 2165 in
709 2104 823 2166 multis
838 2104 902 2167 erit
918 2104 1000 2169 utile
1016 2107 1114 2168 rebus

307 2232 367 2275 nec
382 2211 468 2275 sinet
484 2210 649 2275 errantem
666 2213 819 2276 dubitare
836 2220 869 2276 et
886 2234 1041 2291 quaerere
1058 2235 1186 2292 semper

307 2321 349 2384 de
363 2341 491 2384 summa
505 2341 616 2384 rerum
632 2328 665 2384 et
679 2322 800 2384 nostris
816 2323 962 2384 diffidere
978 2323 1102 2399 dictis)

743 2428 793 2477 DE
813 2429 929 2479 INANI

264 2521 521 2594 —quapropter,
533 2501 628 2579 ‘locus
643 2524 691 2579 est
706 2516 852 2580 intactus
867 2517 965 2579 inane
980 2538 1184 2595 uacansque.

308 2624 439 2704 quodsi
454 2646 520 2688 non
536 2632 627 2701 esset,
644 2627 737 2688 nulla
752 2626 880 2689 ratione
896 2626 1021 2689 moueri

307 2755 359 2797 res
377 2742 525 2812 possent3
543 2755 684 2812 namque
702 2734 841 2797 officium
859 2737 947 2812 quod
964 2736 1110 2813 corporis
1129 2743 1244 2813 exstat,

308 2844 432 2908 officere
449 2850 548 2921 atque
565 2845 703 2920 obstare,
721 2844 756 2906 id
772 2844 912 2906 inomni
928 2852 1074 2923 tempore
1091 2846 1218 2909 adesset

307 2953 474 3029 omnibus;
490 2954 580 3016 haud
596 2950 701 3030 igitur
718 2953 893 3031 quicquam
909 2954 1084 3031 procedere
1101 2961 1218 3033 posset,

308 3063 511 3141 principium
528 3063 682 3140 quoniam
701 3063 838 3126 cedendi
855 3064 949 3126 nulla
967 3065 1061 3126 daret
1078 3084 1139 3127 res.

307 3179 343 3236 at
358 3194 447 3235 nune
464 3193 523 3250 per
539 3172 645 3235 maria
661 3193 698 3235 ac
715 3180 821 3236 terras
838 3172 1041 3250 sublimaque
1059 3172 1140 3235 caeli

306 3284 412 3345 multa
427 3282 532 3344 modis
548 3282 661 3344 multis
677 3282 773 3345 uaria
789 3282 918 3345 ratione
934 3282 1060 3344 moueri

212 3443 215 3447 .
307 3391 471 3455 cernimus
488 3398 564 3454 ante
581 3387 707 3467 oeulos;
725 3411 817 3468 quae,
835 3390 945 3452 sinon
962 3397 1045 3453 esset
1061 3390 1169 3468 inane,

307 3522 373 3565 non
389 3508 457 3564 tam
474 3500 613 3563 sollicito
629 3507 720 3562 motu
737 3499 873 3577 priuata
888 3507 1038 3562 carerent

308 3632 406 3689 quam
422 3611 535 3689 genita
549 3610 683 3672 omnino
699 3610 793 3672 nulla
809 3608 936 3671 ratione
954 3607 1105 3685 fuissent,

307 3721 455 3798 undique
470 3719 624 3782 materies
640 3719 795 3795 quoniam
811 3717 937 3795 stipata
952 3716 1103 3795 quiesset.

263 3835 478 3908 -praeterea
496 3828 647 3907 quamuis
664 3827 787 3890 solidae
805 3846 858 3888 res
874 3846 941 3888 esse
959 3832 1131 3903 putentur,

306 3940 383 4003 hine
398 3946 509 4002 tamen
526 3958 592 4001 esse
609 3938 685 4000 licet
701 3956 779 3999 raro
794 3957 868 3998 cum
885 3954 1020 4013 corpore
1036 3955 1160 3998 cernas.

306 4050 342 4112 in
360 4049 447 4113 saxis
464 4070 502 4112 ac
519 4046 684 4126 speluncis
703 4051 877 4137 permanat
895 4065 1056 4123 aquarum

810 4185 868 4238 [12]
