3190 4682
523 443 553 492 Τ.
572 442 735 493 LVGBETI
753 442 842 494 CARI

102 656 262 720 -omnia
286 657 480 735 suppeditat
503 677 604 735 porro
625 664 748 720 natura
770 676 876 734 neque
899 657 970 720 ulla

147 786 204 829 res
221 765 324 829 animi
341 786 454 844 paoem
471 766 594 830 delibat
610 774 758 844 tempore
774 766 810 827 in
825 767 904 830 ullo.

146 882 185 938 ot
201 882 319 939 eontra
333 896 497 952 nusquam
513 882 679 954 apparent
692 875 876 939 Acherusia
891 875 1016 953 templa

146 1005 210 1048 neo
224 985 326 1048 tellus
340 986 448 1047 obstat
463 985 545 1062 quin
561 984 670 1048 omnia
686 984 917 1063 dispiciantur,
951 1055 954 1062 Ι

145 1094 211 1156 sub
227 1093 368 1171 pedibus
384 1114 607 1171 quaeoumque
622 1093 715 1157 infra
731 1114 791 1171 per
807 1093 906 1157 inane
922 1098 1095 1172 geruntur.

102 1203 201 1265 —his
215 1202 262 1266 ibi
277 1223 327 1264 me
342 1205 439 1266 rebus
454 1203 615 1280 quaedam
629 1202 747 1266 diuina
761 1204 918 1280 uoluptas

146 1312 294 1391 percipit
311 1320 410 1389 atque
424 1314 551 1389 horror,
568 1312 655 1389 quod
671 1311 717 1374 sio
733 1319 856 1375 natura
870 1318 930 1375 tua
945 1311 981 1373 ui

145 1428 220 1484 tam
234 1421 414 1484 manifesta
428 1427 547 1499 patens
562 1441 602 1483 ex
617 1421 705 1483 omni
721 1429 816 1499 parte
832 1428 956 1485 reteeta
972 1429 1029 1483 est.

213 1632 259 1694 Et
275 1631 430 1708 quoniam
445 1631 551 1709 docui,
568 1638 763 1695 cunctarum
779 1631 914 1695 exordia
930 1652 1042 1694 rerum

145 1740 263 1818 qualia
277 1741 345 1803 sint
361 1748 394 1804 et
409 1761 508 1817 quam
523 1741 628 1804 uariis
644 1740 804 1804 distantia
820 1740 937 1803 formis

144 1855 267 1928 sponte
282 1870 342 1913 sua
356 1850 498 1913 uolitent
514 1858 648 1913 aeterno
663 1850 790 1927 percita
804 1858 896 1912 motu

145 1978 257 2036 quoue
271 1959 367 2021 modo
382 1959 509 2036 possint
523 1979 576 2022 res
590 1980 630 2022 ex
644 1959 697 2021 his
711 1978 859 2036 quaeque
874 1958 990 2035 ereari,

145 2068 246 2131 hasce
260 2069 441 2130 seeundum
456 2088 510 2131 res
524 2067 627 2131 animi
642 2076 766 2131 natura
780 2068 916 2145 uidetur

146 2183 248 2254 atque
266 2176 394 2240 animae
411 2178 569 2240 claranda
584 2177 664 2239 meis
680 2177 747 2240 iam
762 2177 913 2240 uersibus
930 2197 997 2239 esse

145 2295 179 2350 et
194 2292 303 2349 metus
319 2286 373 2349 ille
389 2285 481 2348 foras
496 2306 653 2364 praeceps
669 2286 871 2349 Aeheruntis
888 2287 1045 2365 agendus,

146 2394 305 2458 funditus
320 2396 499 2458 humanam
515 2395 572 2472 qui
587 2396 692 2459 uitam
707 2397 823 2458 turbat
837 2397 878 2459 ab
894 2396 959 2458 imo

147 2504 260 2567 omnia
276 2504 471 2568 suffundens
487 2504 602 2567 mortis
618 2504 752 2583 nigrore
767 2525 873 2581 neque
890 2505 993 2569 ullam

146 2632 215 2677 esse
232 2614 439 2689 uoluptatem
454 2613 615 2690 liquidam
632 2634 816 2692 puramque
831 2614 999 2691 relinquit.

316 2717 492 2770 HOMINES
519 2717 682 2769 MORTEM
709 2720 869 2770 MAXIME
896 2721 1043 2770 TIMERE

105 2827 226 2870 —nam
241 2808 329 2884 quod
343 2828 439 2886 saepe
455 2808 602 2870 homines
616 2810 745 2870 morbos
759 2809 864 2886 magis
880 2829 946 2871 esse
962 2809 1125 2872 timendos

146 2915 371 2993 infamemque
390 2917 505 2980 ferunt
523 2917 628 2980 uitam
647 2937 746 2994 quam
765 2918 906 2980 Tartara
924 2918 982 2981 leti

146 3033 179 3088 et
195 3046 230 3089 se
244 3025 326 3087 seire
342 3026 444 3089 animi
458 3033 614 3090 naturam
629 3027 803 3104 sanguinis
817 3047 884 3090 esse

148 3142 206 3197 aut
222 3134 322 3198 etiam
335 3136 428 3198 uenti
448 3136 492 3212 (si
508 3135 576 3199 fert
590 3136 639 3199 ita
654 3135 742 3199 forte
756 3138 944 3213 uoluntas),

147 3262 206 3305 111
223 3263 357 3321 prosum
372 3244 547 3321 quiequam
561 3251 692 3308 nostrae
708 3245 847 3308 rationis
862 3266 965 3323 egere,

148 3350 225 3415 hine
241 3352 317 3415 lieet
334 3353 489 3416 aduertas
505 3353 651 3417 animum
666 3354 771 3432 magis
788 3355 897 3419 omnia
912 3355 1021 3418 laudis

147 3460 266 3524 iactari
281 3482 380 3524 eausa
395 3482 493 3539 quam
510 3464 597 3540 quod
613 3483 667 3525 res
681 3463 753 3541 ipsa
769 3466 938 3541 probetur.

149 3577 294 3634 extorres
310 3571 398 3632 idem
413 3571 524 3649 patria
540 3571 700 3649 longeque
717 3572 827 3650 fugati

149 3688 324 3757 conspeetu
341 3700 381 3741 ex
397 3680 576 3757 hominum,
594 3681 721 3744 foedati
738 3681 874 3743 erimine
890 3682 993 3761 turpi,

149 3788 300 3852 omnibus
315 3789 483 3853 aerumnis
498 3789 622 3853 adfecti
638 3790 781 3867 denique
797 3791 929 3866 uiuunt,

151 3904 182 3958 et
198 3918 401 3975 quoeumque
417 3904 527 3961 tamen
544 3898 654 3961 miseri
670 3919 790 3962 uenere
807 3907 986 3977 parentant

150 4013 182 4067 et
198 4007 311 4085 nigras
327 4013 475 4070 mactant
492 4007 633 4084 pecudes
651 4014 682 4071 et
701 4007 941 4072 manibu’diuis

652 4212 709 4263 [81]
