3234 4684
543 459 573 507 Τ.
593 458 755 508 chnarl
773 457 862 508 canl

162 694 256 751 quae
273 673 337 736 sita
354 673 497 736 ceruices
513 673 637 737 circum
654 674 838 750 collumque
855 677 1007 749 coronat;
1061 726 1064 729 ,

163 804 313 860 namque
329 783 412 847 alias
425 783 463 846 fit
478 783 530 846 uti
544 784 634 846 claro
648 783 691 846 sit
706 784 810 846 rubra
825 801 962 860 pyropo,

163 893 341 956 interdum
356 894 498 971 quodam
512 913 609 956 sensu
624 893 663 955 fit
676 892 728 955 uti
743 893 900 955 uideatur

163 1003 261 1065 inter
275 1004 461 1066 caeruleum
476 1002 596 1065 uiridis
610 1002 745 1065 miscere
759 1003 961 1079 zmaragdos.

371 1112 373 1117 ’
454 1151 457 1155 ,
507 1109 558 1158 DE
577 1108 709 1163 [CAVDA
730 1107 898 1158 PAVONIS

116 1198 343 1276 —caudaque
361 1198 510 1276 panonia,
528 1198 622 1275 larga
639 1218 713 1260 cum
729 1198 801 1260 luce
818 1197 946 1275 repleta
962 1202 1020 1273 est,
1068 1262 1071 1265 ,
1112 1260 1114 1265 ,

165 1308 334 1371 consimili
348 1314 457 1371 mutat
473 1307 600 1370 ratione
615 1309 753 1389 obuersa
768 1307 899 1369 colores.

117 1417 230 1496 —qui
248 1418 402 1495 quoniam
418 1419 560 1495 quodam
577 1417 762 1495 gignuntur
777 1416 913 1478 luminis
929 1416 1007 1492 ictu,

166 1528 257 1591 scire
271 1528 357 1604 licet,
372 1528 442 1591 sine
457 1547 496 1590 eo
509 1527 581 1589 fieri
595 1548 662 1589 non
677 1547 770 1604 posse
785 1528 972 1635 pptandum
988 1532 1046 1588 est.

238 1638 283 1699 Et
299 1637 453 1714 quoniam
469 1638 585 1714 plagae
602 1638 768 1714 quoddam
783 1656 885 1714 genus
901 1636 1024 1713 excipit
1038 1635 1074 1696 in
1090 1654 1123 1697 se

168 1747 312 1827 pupula,
329 1768 403 1810 cum
419 1747 541 1810 sentire
557 1748 696 1809 colorem
713 1746 837 1809 dicitur
853 1747 973 1822 album,

168 1864 273 1935 atque
289 1857 379 1920 aliud
396 1876 504 1934 porro,
520 1856 654 1934 nigrum
668 1876 742 1919 cum
757 1864 790 1918 ct
805 1863 913 1919 cetera
927 1855 1036 1932 sentit,

168 1988 233 2030 nec
248 1967 352 2030 refert
367 1988 501 2044 eaquae
515 1974 643 2043 tangas
658 1986 723 2043 quo
737 1965 825 2028 forte
839 1966 945 2028 colore

170 2076 329 2155 praedita
343 2083 430 2154 sunt,
446 2097 561 2139 verum
577 2077 668 2153 quali
682 2075 787 2153 magis
803 2082 883 2153 apta
897 2075 1015 2153 figura,

169 2187 258 2250 scire
271 2186 347 2249 licet
362 2187 410 2248 nil
425 2186 600 2264 principiis
615 2206 698 2264 opus
712 2206 779 2249 esse
794 2187 909 2262 colore,

170 2297 232 2359 sed
249 2296 352 2358 uariis
369 2296 487 2358 formis
503 2297 673 2359 uariantes
690 2296 785 2359 edere
802 2302 921 2358 tactus,

238 2406 414 2469 Praeterea
435 2406 590 2483 quoniam
610 2425 676 2467 non
697 2405 795 2468 certis
816 2412 905 2468 certa
926 2404 1042 2482 figuris

171 2522 224 2579 cst
239 2523 361 2579 natura
375 2516 493 2578 coloris
508 2524 540 2579 et
556 2515 666 2578 omnia
680 2515 922 2605 principiorum

172 2625 396 2688 formamenta
413 2634 539 2702 queunt
556 2626 590 2686 in
608 2625 726 2703 quouis
741 2645 808 2687 esse
824 2624 941 2701 nitore,

173 2755 236 2797 cur
251 2755 288 2797 ea
304 2755 387 2812 quae
403 2741 555 2798 constant
571 2735 692 2798 exiliis
707 2755 773 2797 non
789 2735 916 2812 pariter
932 2740 1011 2796 sunt

173 2844 369 2922 omnigenus
384 2844 523 2923 perfusa
538 2844 700 2907 coloribus
716 2844 751 2905 in
767 2864 885 2922 genere
901 2843 1010 2906 omni'i

174 2954 392 3017 conueniebat
408 2954 495 3018 enim
511 2974 626 3017 coruos
641 2974 769 3032 quoque
786 2974 883 3031 saepe
898 2952 1043 3015 uolantis

174 3084 216 3125 ex
232 3063 316 3126 albis
331 3064 442 3126 album
459 3063 571 3141 pinnis
588 3063 711 3127 iactare
728 3064 867 3126 colorem
1003 3062 1006 3067 ⁴

175 3180 210 3236 et
225 3172 337 3250 nigros
351 3172 423 3236 fieri
438 3173 536 3251 nigro
550 3174 591 3237 de
607 3173 727 3236 semine
743 3193 865 3250 cygnos

176 3290 236 3346 aut
251 3282 317 3345 alio
332 3282 448 3360 quouis
463 3303 532 3345 uno
546 3283 705 3359 uarioque
721 3284 836 3345 colore.

241 3392 330 3470 Quin
345 3392 444 3455 etiam
459 3399 585 3469 quanto
600 3392 635 3453 in
650 3399 761 3470 partes
776 3412 829 3455 res
844 3412 992 3469 quaeque
1006 3390 1152 3453 minutas

177 3501 377 3564 distrahitur
391 3502 504 3579 magis,
520 3504 581 3564 hoc
594 3501 700 3579 magis
714 3510 762 3564 est
776 3508 815 3564 ut
830 3520 962 3591 cernere
978 3499 1081 3578 possis

177 3631 370 3674 euanescere
387 3611 550 3689 paulatim
567 3611 757 3689 stinguique
773 3612 929 3687 colorem3

177 3727 216 3783 ut
229 3719 267 3783 fit
280 3721 339 3783 ubi
353 3721 387 3782 in
402 3741 525 3798 paruas
540 3720 646 3798 partis
660 3720 861 3798 discerpitur
876 3726 1035 3782 austrum.

189 3851 239 3901 802
251 3851 317 3913 fort.
333 3851 389 3902 cita

189 3919 240 3968 806
250 3919 328 3984 largo

190 3987 241 4035 814
251 3986 323 4048 vulp.
338 3985 393 4037 sint

190 4054 241 4104 815
251 4053 322 4116 vulp.
338 4054 440 4105 coloreo

190 4122 239 4171 821
250 4122 322 4183 vulp.
340 4136 421 4172 omne
438 4136 526 4187 genus
