3234 4684
530 466 560 514 Τ.
579 462 741 516 LVanrl
759 465 848 516 CARI
882 466 885 471 ’

150 700 195 742 ex
210 678 346 742 infinito
359 686 565 744 contractum
580 676 727 758 tempore
742 681 882 763 bellum:
969 698 971 703 ·

151 809 246 851 nunc
261 789 316 852 hic
330 809 421 851 nunc
435 788 678 867 illic'superant
693 790 816 853 uitalia*
827 810 939 852 rerum
1029 788 1031 793 ’

152 904 188 960 et
207 905 410 975 superantur
427 899 515 962 item.
532 900 689 962 miscetur
705 900 823 963 funere
840 920 944 977 nagor

152 1028 254 1084 quem
270 1008 367 1085 pueri
381 1009 505 1072 tollunt
519 1009 658 1071 uisentis
673 1009 808 1072 luminis
823 1030 897 1072 oras
907 1010 918 1086 ;'

152 1138 218 1179 nec
233 1137 299 1179 nox
314 1118 383 1180 ulla
399 1118 486 1181 diem
501 1126 749 1210 neque‘noctem
765 1140 887 1182 aurora
901 1126 1044 1182 secutast

154 1247 242 1303 quae
257 1247 324 1289 non
341 1228 485 1290 audierit
500 1213 619 1290 mixtos
634 1228 803 1305 uagitibus
818 1214 937 1306 aegris·

154 1336 309 1414 ploratus
325 1336 442 1399 mortis
457 1337 590 1401 comites
607 1345 638 1401 et
656 1337 786 1401 funeris
802 1338 878 1401 atri.

223 1615 311 1677 Illud
330 1615 365 1676 in
382 1616 432 1677 his
449 1615 657 1693 obsignatum
675 1637 802 1694 quoque
820 1619 918 1679 rebus
933 1618 1053 1681 habere

121 1746 124 1751 ·
152 1725 314 1787 conuenit
330 1733 362 1788 et
379 1726 515 1788 memori
531 1727 726 1788 mandatum
742 1733 850 1790 mente
867 1733 988 1803 tenere,

153 1834 207 1895 nil
223 1853 299 1911 esse,
316 1834 352 1895 in
367 1842 526 1913 promptu
542 1856 682 1913 quorum
697 1844 820 1899 natura
836 1837 981 1913 uidetur,

153 1944 246 2020 quod
262 1964 380 2021 genere
395 1966 435 2008 ex
450 1961 518 2007 nno
533 1945 689 2008 consistat
705 1945 957 2023 principiorum,

153 2073 218 2115 nec
236 2053 411 2131 quicquam
427 2056 515 2131 quod
531 2075 598 2116 non
615 2055 779 2132 permixto
794 2055 916 2117 semine
933 2062 1068 2118 constet.

154 2169 191 2226 et
207 2182 431 2240 quaecumque
446 2163 550 2241 magis
565 2164 617 2226 uis
631 2165 753 2227 multas
769 2166 914 2242 possidet
930 2166 965 2226 in
977 2186 1014 2230 se

153 2279 257 2349 atque
275 2279 463 2349 potestates,
482 2273 530 2336 ita
547 2273 692 2351 plurima
710 2273 952 2352 principiorum

154 2382 195 2443 in
208 2402 276 2445 sese
290 2402 410 2459 genera
426 2403 463 2444 ac
478 2382 590 2445 uarias
604 2384 698 2446 docet
713 2403 780 2447 esse
795 2384 928 2462 figuras.

430 2489 474 2537 IN
492 2488 618 2538 TERRA
635 2489 785 2539 SEMINA
803 2491 948 2540 INSVNT

153 2575 326 2654 principio
339 2577 439 2639 tellus
452 2578 549 2640 habet
565 2578 600 2638 in
616 2598 649 2641 se
665 2597 804 2656 corpora
818 2579 927 2657 prima

153 2686 247 2748 unde
262 2706 352 2748 mare
368 2685 552 2757 inmensum
567 2688 739 2750 uoluentes
755 2688 883 2766 frigora
899 2689 1009 2752 fontes

154 2794 295 2858 adsidue
311 2803 480 2872 renouent,
497 2797 597 2860 habet
613 2796 705 2874 ignes
720 2799 809 2861 unde
826 2798 987 2861 oriantur.

137 2906 237 2982 (nam
251 2905 365 2967 multis
379 2925 534 2969 succensa
549 2906 627 2968 locis
643 2907 762 2969 ardent
777 2908 847 2970 sola
860 2914 978 2985 terrae,

154 3014 286 3078 eximiis
301 3034 382 3077 uero
395 3014 483 3078 furit
499 3015 632 3093 ignibus
648 3016 797 3093 impetus.
806 3018 961 3094 Aetnae.)

157 3130 232 3187 tum
247 3144 346 3201 porro
362 3124 486 3187 nitidas
502 3124 617 3202 fruges
633 3127 833 3203 arbustaque
849 3127 937 3189 laeta

155 3234 313 3312 gentibus
329 3234 482 3297 humanis
498 3236 596 3297 habet
612 3236 701 3298 unde
718 3236 873 3299 extollere
890 3236 1002 3313 possit,

154 3344 247 3407 unde
265 3343 364 3406 etiam
380 3344 500 3406 fluuios
516 3343 652 3405 frondes
668 3351 700 3407 et
718 3346 841 3421 pabula
858 3346 944 3408 laeta

152 3452 350 3530 montiuago
365 3453 477 3531 generi
493 3453 596 3531 possit
613 3455 770 3531 praebere
786 3454 944 3517 ferarum.

506 3559 709 3625 DEfMATRE
731 3559 870 3609 MAGNA

104 3667 260 3726 -quare
276 3667 397 3724 magna
411 3649 508 3710 deum
524 3654 629 3711 mater
645 3655 814 3725 materque
831 3648 979 3711 ferarum

154 3762 190 3821 et
205 3756 312 3819 nostri
327 3757 477 3834 genetrix
491 3758 571 3837 haec
586 3757 676 3820 dicta
690 3766 738 3821 est
754 3757 900 3847 corporis
915 3779 992 3821 una.

226 3866 340 3941 (Hanc
356 3873 484 3929 ueteres
501 3866 638 3929 Graium
655 3867 742 3929 docti
759 3867 903 3929 cecinere
920 3876 1035 3945 poetae

165 3997 220 4048 586
230 3996 302 4058 vulp.
318 3998 512 4061 quodcumque

166 4064 290 4116 comum
299 4066 373 4126 vulp.
