3234 4686
611 481 662 530 DE
680 474 811 530 RERVM
829 479 984 529 NATVBA
1007 479 1047 528 Vl

316 702 355 757 ut
371 715 453 757 caua
468 695 668 758 conueniant
683 695 789 773 plenis
805 696 885 758 11111
901 694 991 757 illius
1007 694 1064 757 illa

316 804 479 882 huiusque
497 804 586 867 inter
604 825 646 881 se,
665 804 821 867 iunctura
839 805 919 868 haec
937 804 1062 882 optima
1080 810 1218 866 constat.
1314 847 1316 851 -

315 920 365 977 est
382 914 490 991 etiam,
507 915 601 992 quasi
617 921 656 977 ut
673 914 788 978 anellis
803 898 973 992 hamisque
990 913 1114 991 plicata

315 1024 404 1088 inter
421 1045 454 1087 se
472 1025 633 1102 quaedam
650 1024 777 1102 possint
795 1024 925 1102 coplata
942 1023 1066 1100 teneri;

315 1135 405 1212 quod
422 1133 526 1212 magis
544 1133 579 1195 in
596 1132 707 1210 lapide
724 1135 785 1196 hoc
802 1133 874 1194 fieri
892 1133 1046 1210 ferroque
1063 1132 1208 1195 uidetur.
1233 1160 1235 1166 ⁸

556 1493 812 1544 PESTILENTIA
831 1494 938 1543 VNDE
959 1493 1135 1544 GREATVR

379 1583 476 1646 Nunc
494 1582 581 1646 ratio
598 1603 681 1660 quae
699 1583 742 1645 sit
760 1582 881 1645 morbis
900 1589 958 1645 aut
976 1574 1064 1645 unde
1082 1588 1217 1659 repente

315 1692 523 1755 mortiferam
540 1692 643 1770 possit
659 1693 785 1755 cladem
801 1693 942 1755 conflare
959 1699 1070 1755 coorta

315 1802 466 1865 morbida
484 1802 537 1865 uis
554 1801 724 1864 hominum
744 1802 856 1879 generi
876 1802 1104 1879 pecudumque
1123 1799 1275 1877 cateruis,

314 1912 498 1990 expediam.

505 2021 654 2084 Primum
671 2005 852 2083 multarum
869 2021 993 2084 semina
1010 2041 1122 2084 rerum

315 2151 383 2194 esse
401 2152 504 2208 supra
522 2131 619 2194 docui
637 2151 720 2208 quae
739 2131 806 2193 sint
823 2130 943 2194 uitalia
960 2130 1063 2207 nobis,

316 2248 349 2304 et
366 2247 481 2304 contra
498 2261 581 2318 quae
597 2241 664 2303 sint
681 2242 794 2303 morbo
810 2240 973 2317 mortique
990 2246 1148 2303 necessest

315 2351 423 2414 multa
438 2351 560 2413 uolare.
599 2371 636 2414 ea
654 2371 727 2413 cum
744 2371 822 2413 casu
838 2357 916 2412 sunt
933 2349 1020 2412 forte
1037 2354 1148 2412 coorta

316 2468 349 2524 et
366 2462 607 2538 perturbarunt
625 2461 760 2537 caelum,
778 2460 816 2523 fit
833 2459 1002 2522 morbidus
1020 2480 1093 2522 aer.¹

316 2577 415 2647 atque
433 2590 470 2633 ea
486 2569 538 2633 uis
556 2570 660 2632 omnis
676 2572 864 2633 morborum
882 2569 1108 2646 pestilitasque

317 2687 375 2743 aut
391 2680 594 2743 extrinsecus
609 2688 647 2743 111
664 2682 768 2742 nubes
783 2680 986 2756 nebulaeque
1002 2699 1143 2756 superne
1175 2684 1177 2687 ’

316 2810 376 2867 per
393 2790 518 2852 caelum
534 2789 685 2865 ueniunt,
703 2797 761 2852 aut
778 2790 852 2866 ipsa
868 2793 963 2866 saepe
981 2796 1092 2851 coorta

316 2900 356 2962 de
372 2906 463 2963 terra
478 2906 630 2976 surgunt,
646 2899 703 2962 ubi
720 2906 871 2976 putorem
886 2897 1001 2961 umida
1015 2903 1144 2961 nactast

316 3009 559 3086 intempestiuis
575 3008 763 3086 pluuiisque
781 3014 814 3070 et
831 3007 953 3071 solibus
970 3008 1045 3070 1111.

273 3139 424 3182 —nonne
441 3120 536 3181 uides
553 3119 651 3182 etiam
670 3119 751 3181 caeli
769 3119 917 3181 nouitate
936 3124 968 3181 et
986 3137 1148 3194 aquarum

315 3228 473 3306 temptari
490 3229 606 3305 procul
623 3249 642 3291 a
659 3228 770 3305 patria
788 3228 984 3306 quicumque
1002 3228 1161 3304 domoque

316 3337 501 3401 adueniunt
519 3337 592 3400 ideo
609 3337 687 3415 quia
703 3338 799 3416 longe
816 3336 1035 3414 discrepitant
1052 3340 1125 3399 rest

299 3433 393 3524 (nam
411 3448 491 3524 quid
510 3447 698 3510 Brittannis
717 3448 842 3510 caelum
861 3447 994 3508 differre
1013 3452 1178 3524 putamus,

227 3564 231 3574 ”
316 3565 348 3620 11
366 3557 453 3634 quod
470 3557 506 3618 in
522 3558 678 3634 Aegypto
694 3564 742 3620 est
760 3577 825 3634 qua
841 3545 958 3618 mundi
975 3556 1140 3619 claudicat
1158 3554 1250 3618 axisl

316 3668 439 3744 quidue
456 3667 543 3744 quod
559 3667 595 3727 in
611 3667 718 3728 Ponto
734 3672 782 3730 est
797 3666 943 3742 differre,
960 3673 992 3728 et
1010 3665 1158 3729 Gadibus
1174 3670 1273 3741 atque

315 3797 418 3854 usque
434 3778 476 3840 ad
492 3776 590 3854 nigra
604 3775 715 3838 uirum
732 3782 884 3854 percocto
898 3777 1004 3839 saecla
1020 3775 1163 3851 coloret)

315 3907 399 3964 quae
416 3907 490 3949 cum
506 3893 665 3964 quattuor
681 3885 816 3948 interae
833 3884 966 3947 diuersa
980 3884 1132 3947 uidemus

316 4002 475 4075 quattuor
493 4017 511 4059 a
529 3995 639 4059 uentis
656 4001 688 4058 et
707 3994 788 4058 caeli
806 3994 959 4072 partibus
975 4014 1052 4070 esse,

315 4115 387 4169 tum
405 4107 492 4169 color
511 4112 542 4167 et
560 4105 663 4168 facies
678 4104 848 4167 hominurn
865 4103 989 4166 distare
1006 4102 1165 4165 uidentur

811 4245 902 4295 [252]·
