3234 4686
549 447 579 495 T.
600 447 764 498 LVCRETI
783 447 872 498 CARI

173 683 267 739 arna,
285 682 372 726 nouo
388 663 462 726 fetu
478 663 559 741 quid
575 663 720 742 primum
737 664 772 724 in
788 663 924 726 luminis
940 684 1015 727 cras

172 773 290 836 tollere
307 779 340 835 et
356 773 492 836 incertis
508 774 648 836 credunt
666 773 868 836 committere
884 773 1021 850 uentis.)

238 1052 410 1130 Principio
425 1073 529 1130 genus
543 1051 720 1115 herbarum
736 1052 942 1130 uiridemque
958 1053 1099 1116 nitorem

172 1169 266 1225 terra
283 1162 375 1225 dedit
392 1161 515 1225 circum
532 1163 624 1225 collis
640 1183 835 1240 camposque
852 1184 912 1240 per
930 1163 1043 1240 omnis,

173 1271 294 1334 florida
310 1271 478 1334 fulserunt
494 1272 658 1335 uiridanti
674 1279 773 1350 prata
789 1273 904 1349 colore,

174 1381 412 1458 arboribusque
429 1383 576 1445 datumst
592 1381 697 1445 uariis
714 1382 831 1446 exinde
847 1403 907 1460 per
924 1403 1023 1445 auras

175 1492 342 1554 crescendi
358 1512 514 1569 magnum
532 1492 674 1553 inmissis
693 1497 857 1555 certamen
874 1493 1019 1555 habenis.

174 1608 213 1662 ut
231 1602 343 1677 pluma
360 1608 459 1678 atque
475 1601 536 1678 pili
552 1601 697 1678 primum
714 1609 887 1679 saetaeque
903 1610 1060 1666 creantur

174 1711 419 1788 quadripedum
435 1711 589 1773 membris
605 1718 638 1773 et
655 1732 791 1789 corpore
807 1712 1093 1790 pennipotentum.

173 1820 220 1882 sic
236 1840 323 1883 noua
338 1827 411 1883 tum
426 1822 525 1884 tellus
540 1822 658 1884 herbas
673 1821 887 1899 uirgultaque
904 1822 1049 1900 primum

173 1930 319 2006 sustulit,
335 1930 412 1994 inde
427 1931 490 1993 loci
505 1931 658 1995 mortalia
673 1933 779 1994 saecla
793 1931 920 1995 creauit

173 2040 279 2102 multa
295 2040 401 2102 modis
415 2040 529 2103 multis
544 2041 641 2104 uaria
657 2041 785 2105 ratione
801 2048 922 2104 coorta.
1019 2092 1020 2095 η

157 2149 252 2224 (nam
269 2169 374 2226 neque
391 2151 431 2212 de
449 2151 538 2213 caelo
554 2151 706 2214 cecidisse
724 2150 881 2214 animalia
897 2159 1035 2230 possunt

172 2279 233 2320 nec
249 2259 420 2322 terrestria
436 2261 476 2323 de
493 2260 587 2322 salsis
603 2260 705 2322 exisse
721 2261 858 2323 lacunis.

172 2368 338 2445 linquitur
354 2376 392 2432 ut
407 2370 526 2432 meritc
538 2377 725 2433 maternum
739 2391 858 2433 nomen
874 2372 995 2450 adepta

173 2485 264 2541 terra
279 2478 332 2554 sit,
348 2486 471 2542 eterra
487 2480 642 2556 quoniam
657 2479 736 2543 s'unt
752 2488 871 2544 cuncta
888 2489 1008 2544 creata.

172 2589 342 2665 multaque
360 2609 448 2651 nunc
466 2589 565 2652 etiam
582 2590 728 2652 existunt
746 2590 903 2654 animalia
920 2591 1020 2654 terris

172 2697 333 2760 imbribus
350 2705 382 2762 et
399 2698 507 2761 calido
522 2699 600 2761 solis
615 2707 767 2763 concreta
784 2720 925 2777 uapore;

172 2827 238 2884 quo
252 2807 362 2869 minus
375 2815 424 2871 est
438 2809 559 2871 mirum
574 2810 602 2871 si
617 2815 689 2872 tum
705 2818 783 2872 sunt
798 2811 898 2888 plura
913 2817 1024 2874 coorta

172 2924 204 2980 et
219 2917 354 2994 maiora,
370 2938 458 2981 noua
473 2919 591 2982 tellure
608 2926 706 2997 atque
722 2920 852 2983 aethere
869 2921 1011 2996 adulta.)

129 3026 340 3104 -principio
355 3047 458 3105 genus
476 3028 616 3091 alituum
632 3028 810 3106 uariaeque
827 3030 978 3092 uolucres

172 3156 233 3199 ova
249 3136 489 3214 relinquebant,
507 3139 655 3201 exclusae
672 3145 818 3216 tempore
834 3159 947 3215 uerno,

172 3245 338 3308 folliculos
353 3254 392 3309 ut
407 3267 496 3310 nunc
513 3248 627 3310 teretis
643 3255 766 3312 aestate
784 3248 915 3311 cicadae

171 3355 302 3418 lincunt
317 3363 434 3434 sponte
451 3377 511 3420 sua
527 3357 654 3420 uictum
671 3357 840 3435 uitamque
858 3363 1016 3435 petentes.

171 3468 243 3527 tum
258 3465 321 3527 tibi
336 3472 427 3529 terra
441 3466 534 3528 dedit
550 3467 695 3544 primum
711 3468 865 3531 mortalia
880 3470 995 3530 saecla.

170 3576 297 3637 multus
312 3575 398 3638 enim
414 3576 503 3638 calor
519 3583 617 3653 atque
633 3597 727 3639 umor
742 3578 921 3654 superabat
937 3577 972 3638 in
988 3577 1087 3639 aruis.

170 3685 230 3747 hoc
247 3684 306 3747 ubi
323 3705 471 3762 quaeque
488 3685 551 3747 loci
569 3685 660 3762 regio
677 3693 842 3763 oportuna
860 3686 1013 3761 dabatur,

170 3796 359 3857 crescebant
374 3793 463 3856 uteri
480 3800 603 3857 terram
619 3794 787 3858 radicibus
803 3795 892 3873 apti;

171 3923 251 3979 quos
265 3903 323 3966 ubi
339 3909 486 3980 tempore
502 3911 633 3966 maturo
649 3904 852 3982 patefecerat
869 3912 977 3967 aestus

182 4035 230 4083 782
241 4035 313 4095 vulp.
331 4033 434 4084 crerint
469 4034 536 4096 fort.
554 4036 693 4086 certarint
711 4036 825 4086 credere

180 4102 230 4153 809
240 4109 337 4154 aestas
373 4103 445 4163 vaip.
461 4106 539 4152 aetas
574 4104 640 4165 sort.
658 4107 754 4154 auctus

664 4224 737 4274 [191]
