3234 4684
584 464 615 512 Τ.
633 463 796 537 LVCBETI
814 464 903 514 CARI

210 760 295 839 quin
311 760 410 823 ctiam
426 761 548 838 passim
564 761 687 823 nostris
701 761 738 822 in
752 762 904 845 uersibus
919 761 1000 849 ipsis

209 871 319 932 multa
336 871 496 934 elementa
512 871 607 934 uides
623 871 738 933 multis
754 871 940 934 communia
955 870 1066 934 uerbis

193 980 288 1056 (cum
303 987 414 1043 tamen
429 981 517 1042 inter
532 1000 565 1042 se
579 1001 695 1043 uersus
711 1002 748 1043 ac
763 982 866 1055 uerba
880 1000 1014 1057 necesse
1023 987 1073 1068 est

211 1089 389 1153 confiteare
406 1090 473 1153 alia
488 1111 527 1153 ex
544 1090 618 1153 aliis
635 1098 784 1153 constare
801 1090 985 1180 elementis)
1001 1117 1009 1167 ;

209 1220 280 1262 non
297 1220 362 1277 quo
376 1201 482 1263 multa
499 1221 620 1278 parum
637 1200 820 1267 communis,
834 1200 948 1267 littera
963 1206 1077 1275 currat

212 1315 274 1372 aut
287 1310 381 1372 nulla
395 1310 483 1372 inter
497 1331 530 1373 se
546 1311 613 1371 duo
627 1310 693 1372 sint
709 1331 748 1372 ex
763 1309 914 1376 omnibus
928 1309 1041 1386 isdem,

210 1420 270 1481 sed
288 1419 450 1496 quianon
467 1420 566 1497 uolgo
582 1419 678 1497 paria
696 1419 974 1499 omnibusomnia
992 1426 1152 1482 constant.

210 1528 259 1591 sic
274 1528 347 1591 aliis
361 1528 396 1589 in
409 1530 508 1592 rebus
520 1528 598 1593 item
613 1529 797 1591 communia
810 1530 916 1591 multa

209 1639 394 1700 multarum
410 1658 522 1701 rerum
539 1659 613 1701 cum
631 1639 697 1703 sint
714 1638 899 1716 primordia
914 1658 1029 1704 verum

211 1747 365 1810 dissimili
381 1754 492 1811 tamen
507 1748 596 1812 inter
612 1769 645 1811 se
662 1748 837 1815 consistere
854 1768 982 1831 summa

212 1865 369 1935 possunt;
384 1866 422 1920 ut
437 1858 556 1937 merito
570 1879 610 1921 cx
625 1858 698 1920 aliis
714 1864 863 1920 constare
879 1857 1010 1920 feratur

210 1968 395 2030 humanum
411 1988 516 2045 genus
531 1975 564 2031 et
581 1968 696 2045 fruges
713 1969 913 2044 arbustaque
930 1968 1029 2039 laeta

275 2246 343 2308 Nec
356 2251 468 2309 tamen
483 2245 676 2308 omnimodis
691 2246 816 2308 conecti
832 2266 925 2323 posse
941 2246 1128 2323 putandum
1144 2252 1192 2308 cst

211 2355 332 2431 omnia,
350 2375 427 2416 nam
443 2356 543 2432 uolgo
556 2355 629 2416 fieri
645 2363 802 2433 portenta
818 2356 964 2417 uideres:

210 2464 383 2528 semiferas
397 2464 567 2527 hominum
582 2465 705 2542 specics
720 2466 859 2528 existere
874 2471 908 2526 ct
922 2466 1004 2527 altos

211 2575 382 2636 interdum
398 2595 506 2636 ramos
523 2575 633 2652 egigni
650 2594 785 2652 corpore
803 2574 892 2650 uiuo,

210 2684 382 2761 multaque
399 2683 524 2747 conecti
540 2684 713 2747 terrestria
728 2685 874 2746 membra
890 2683 1044 2758 marinis3

210 2801 284 2857 turn
300 2794 464 2856 flammam
479 2800 588 2856 taetro
602 2793 762 2871 spirantis
778 2813 832 2855 ore
851 2793 1042 2855 Chimaeras

209 2924 345 2981 pascere
359 2910 515 2965 naturam
530 2924 590 2980 per
605 2910 711 2965 terras
725 2903 972 2980 omniparentis

211 3033 353 3090 quorum
368 3012 417 3073 nil
432 3012 504 3074 fieri
519 3012 734 3074 manifestum
749 3018 807 3087 est,
824 3012 933 3074 omnia
949 3013 1082 3089 quando
1129 3025 1132 3029 ’

210 3122 391 3186 seminibus
407 3122 505 3184 certis
521 3127 612 3184 certa
627 3121 791 3198 genetrice
808 3128 918 3185 creata

211 3251 407 3295 conseruare
422 3251 525 3308 genus
541 3230 721 3293 crescentia
735 3251 827 3308 posse
842 3231 1003 3293 uidemus,

165 3341 336 3404 -scilicet
352 3341 387 3402 id
402 3347 493 3403 certa
507 3340 579 3404 fieri
595 3341 723 3404 ratione
738 3347 920 3403 necessust:

210 3472 289 3514 nam
304 3471 365 3513 sua
379 3446 498 3527 cuique
512 3449 592 3513 cibis
608 3470 648 3511 cx
663 3451 813 3512 omnibus
828 3450 920 3512 intus
935 3450 970 3510 in
987 3458 1080 3512 artus

210 3579 350 3637 corpora
370 3559 545 3623 discedunt
566 3579 752 3636 conexaque
772 3559 998 3622 conuenientia

209 3669 356 3733 efficiunt
370 3675 495 3745 motus;
511 3676 545 3731 at
560 3676 675 3731 contra
690 3669 798 3731 aliena
812 3668 963 3731 uidemus

210 3778 333 3842 reicere
347 3778 383 3839 in
397 3784 505 3841 terras
518 3784 683 3854 naturam,
697 3779 867 3854 multaque
881 3777 983 3839 caecis
1028 3794 1030 3797 ’

209 3888 404 3965 corporibus
421 3887 560 3965 fugiunt
574 3907 590 3947 e
607 3907 743 3963 corpore
760 3886 886 3965 percita
902 3886 1019 3963 plagis,

210 4018 294 4076 quae
310 4018 415 4075 neque
431 3996 556 4059 conecti
571 4016 735 4073 quoquam
751 4001 887 4074 potuere
903 3987 1008 4071 neque
1024 3995 1115 4056 intus

209 4108 324 4170 uitalis
337 4114 446 4169 motus
461 4105 644 4168 consentire
659 4112 757 4181 atquc
772 4104 906 4166 imitari.

223 4240 273 4289 696
284 4240 350 4302 fort.
366 4238 453 4288 mixta
715 4237 772 4287 [63]
