3190 4682
629 453 680 502 DE
698 453 830 503 RERVM
847 453 1003 503 NArVaA
1025 454 1049 503 1⁷

284 674 362 730 -at
377 666 491 730 uariae
508 676 660 731 crescunt
675 669 817 746 pecudes
833 674 984 731 armenta
999 668 1155 746 feraeque

326 797 386 840 nec
402 776 616 855 crepitacillis
631 798 713 856 opus
729 785 778 840 est
793 798 853 840 nec
868 777 1023 855 cuiquam
1040 778 1258 842 adhibendast

327 887 431 950 almae
445 887 587 950 nutricis
601 888 725 950 blanda
739 895 838 965 atque
853 884 1000 951 infracta
1014 888 1145 964 loquela
1430 877 1474 926 230

326 1016 386 1060 nec
401 996 514 1060 uarias
531 1003 696 1074 quaerunt
712 1004 820 1060 uestes
837 1016 899 1075 pro
914 1004 1061 1075 tempore
1077 996 1168 1060 caeli.
1229 1028 1230 1033 κ

326 1105 468 1183 denique
482 1126 549 1168 non
565 1106 664 1168 armis
680 1126 762 1199 opus
777 1113 835 1182 est,
851 1126 918 1168 non
932 1106 1101 1169 moenibus
1117 1105 1202 1183 altis,

326 1215 384 1293 qui
400 1235 461 1278 sua
476 1222 639 1292 tutentur,
656 1217 790 1292 quando
805 1215 957 1278 omnibus
972 1215 1081 1278 omnia
1097 1216 1189 1292 large

325 1326 424 1387 tellus
439 1325 512 1402 ipsa
528 1324 617 1403 parit
634 1332 820 1402 naturaque
837 1326 977 1387 daedala
992 1345 1112 1388 rerum.

389 1518 561 1597 Principio
578 1519 732 1595 quoniam
749 1518 852 1581 terrai
870 1539 989 1596 corpus
1007 1526 1039 1582 et
1055 1539 1151 1581 umor

326 1648 548 1705 aurarumque
564 1629 653 1691 leues
670 1628 798 1691 animae
815 1628 978 1705 calidique
995 1647 1145 1705 uapores,

326 1760 342 1801 e
358 1738 478 1815 quibus
492 1740 571 1801 haec
587 1758 698 1801 rerum
713 1738 889 1800 consistere
905 1758 1031 1800 summa
1046 1737 1191 1814 uidetur,

326 1847 436 1910 omnia
450 1846 566 1910 natiuo
583 1867 620 1910 ac
635 1847 768 1909 mortali
784 1867 920 1924 corpore
937 1852 1099 1923 constant,

325 1957 423 2020 debet
439 1957 550 2020 eodem
568 1956 673 2019 omnis
689 1956 806 2018 mundi
822 1963 945 2020 natura
962 1956 1086 2034 putari.

391 2063 482 2128 QVOI
503 2062 600 2113 PARS
622 2062 771 2112 NATIVA
792 2062 851 2111 SIT
873 2061 1004 2111 TOTVM
1026 2061 1208 2111 NA'HVVM
1229 2061 1321 2113 ESSE

282 2151 449 2229 —quippe
466 2152 586 2215 etenim
604 2172 744 2228 quorum
760 2150 868 2229 partis
884 2158 916 2214 et
932 2151 1077 2213 membra
1094 2149 1245 2213 uidemus

326 2281 461 2340 corpore
478 2260 595 2324 natiue
611 2281 649 2324 ac
666 2260 860 2323 mortalibus
878 2280 944 2322 esse
961 2260 1086 2337 figuris,

325 2372 404 2434 haec
422 2372 533 2434 eadem
551 2369 655 2434 ferme
671 2370 825 2432 mortalia
842 2369 1005 2432 cernimus
1022 2390 1089 2433 esse

325 2487 357 2543 et
374 2480 492 2543 natiua
507 2480 863 2557 simul-quapropter
880 2478 1024 2542 maxima
1039 2478 1155 2541 mundi

325 2611 399 2653 cum
414 2589 546 2653 uideam
562 2590 709 2652 membra
724 2610 762 2651 ac
778 2588 885 2666 partis
901 2594 1097 2665 consumpta
1112 2587 1251 2665 regigni,

325 2699 407 2762 scire
423 2699 500 2762 licet
516 2698 598 2761 caeli
615 2718 743 2776 quoque
760 2698 839 2760 item
856 2705 1029 2774 terraeque
1046 2697 1148 2759 fuisse

325 2808 522 2887 principiale
542 2807 676 2885 aliquod
695 2815 825 2885 tempus
844 2807 1034 2883 clademque
1053 2805 1213 2869 futuram.

388 2919 478 2979 Illud
494 2918 530 2979 in
545 2917 597 2979 his
612 2919 710 2980 rebus
725 2937 766 2979 ne
783 2916 980 2994 corripuisse
996 2916 1101 2978 rearis

324 3049 375 3091 me
389 3027 480 3104 mihi,
496 3028 583 3104 quod
598 3034 722 3089 terram
738 3033 836 3103 atque
852 3026 960 3103 ignem
975 3025 1129 3089 mortalia
1144 3024 1271 3102 sumpsi

324 3157 392 3199 esse
408 3156 513 3214 neque
530 3156 676 3198 umorem
694 3135 848 3198 dubitaui
865 3155 1027 3211 aurasque
1045 3134 1154 3213 perire

325 3253 424 3323 atque
440 3247 552 3309 eadem
569 3245 661 3323 gigni
676 3265 856 3321 rursusque
873 3265 1046 3322 augescere
1062 3243 1141 3320 dixi,

755 3351 805 3400 DE
825 3350 951 3400 TERRA

281 3440 491 3520 —principio
508 3461 586 3518 pars
603 3439 706 3503 terrai
724 3440 894 3515 nonnulla,
912 3444 1049 3516 perusta

324 3551 447 3613 solibus
463 3549 621 3626 adsiduis
639 3550 744 3612 multa
760 3549 893 3626 pulsata
911 3548 1033 3626 pedum
1049 3547 1095 3625 ui,

325 3659 474 3738 pulueris
491 3660 599 3723 exalat
616 3659 770 3721 nebulam
786 3659 953 3735 nubesque
969 3656 1114 3722 uolantis

324 3790 406 3848 quas
420 3769 526 3831 ualidi
542 3775 612 3831 toto
627 3767 826 3845 dispergunt
842 3787 916 3829 aere
932 3766 1035 3829 uenti.

324 3899 402 3957 pars
417 3879 516 3941 etiam
532 3878 702 3955 glebarum
719 3878 761 3939 ad
777 3876 937 3939 diluuiem
954 3882 1129 3939 reuocetur

324 3988 484 4051 imbribus
502 3994 534 4049 et
551 3987 642 4064 ripas
659 3986 813 4048 radentia
829 3985 967 4047 flumina
984 3986 1116 4047 rodunt.

818 4225 893 4278 [1⁷2]
