3234 4686
612 469 662 519 DE
681 469 813 519 RERVM
830 468 985 519 NATVRA
1007 468 1047 518 1⁷1

317 703 395 747 1011
412 704 603 761 permensus
618 686 760 747 multum
776 705 971 763 camposque
987 684 1144 761 natantis,

318 793 470 857 incubuit
486 795 620 857 tandem
636 795 759 873 populo
776 794 958 857 Pandionis
974 794 1071 871 omni,

317 903 395 968 inde
411 904 607 967 cateruatim
624 906 738 967 morbo
754 904 916 982 mortique
934 905 1110 967 dabantur.

337 1099 553 1178 -Principio
566 1108 668 1177 caput
683 1098 852 1162 incensum
867 1099 1000 1162 feruore
1015 1099 1172 1177 gerebant

317 1217 351 1274 et
367 1209 511 1288 duplicis
527 1210 637 1273 oculos
654 1210 780 1272 suffusa
796 1209 869 1272 luce
886 1210 1050 1272 rubentes.

316 1321 483 1384 sudabant
500 1320 599 1383 etiam
617 1319 729 1382 fauces
746 1318 945 1381 intrinsecus
962 1325 1053 1382 atrae
1073 1346 1078 1355 ·

316 1430 478 1507 sanguine
497 1436 528 1493 01
545 1429 711 1492 ulceribus
729 1429 819 1491 uocis
836 1429 893 1491 uia
911 1435 1027 1505 saepta
1043 1427 1150 1490 coibat

318 1548 416 1617 atque
435 1539 537 1603 animi
554 1539 719 1618 interpres
737 1540 893 1601 manabat
910 1538 1026 1615 lingua
1044 1557 1159 1600 cruore

316 1649 491 1713 debilitata
507 1649 611 1723 malis,
628 1656 719 1712 motu
736 1647 858 1726 grauis,
876 1668 993 1725 aspera
1008 1654 1111 1710 tactu.

316 1759 395 1821 inde
410 1759 468 1822 ubi
483 1778 543 1837 per
558 1758 670 1821 fauces
686 1764 800 1836 pectus
816 1758 995 1835 complerat
1012 1763 1044 1821 01
1059 1756 1168 1834 ipsum

317 1869 468 1932 morbida
483 1869 535 1931 uis
550 1868 586 1929 in
602 1888 657 1931 cor
673 1876 833 1931 maestum
850 1867 1053 1929 confluxerat
1070 1866 1186 1944 aegris,

316 1979 427 2041 omnia
442 1985 514 2041 tum
528 1998 610 2040 uero
624 1978 708 2040 111111
724 1979 869 2040 claustra
885 1978 1051 2039 lababant.

317 2088 457 2166 spiritus
473 2108 529 2152 010
547 2087 637 2150 10111
654 2094 798 2151 taetrum
816 2087 971 2150 uoluebat
989 2086 1130 2163 odorem,

317 2197 455 2262 rancida
471 2218 536 2275 quo
550 2198 699 2275 perolent
716 2197 862 2274 proiecta
879 2198 1042 2259 cadauera
1057 2195 1136 2258 ritu.

317 2314 416 2386 atque
432 2307 534 2371 animi
550 2328 703 2386 prorsum
718 2307 807 2369 uires
822 2306 926 2369 totius
946 2313 1052 2377 <et>
1073 2324 1167 2368 omne

316 2419 496 2495 languebat
513 2438 641 2495 corpus,
658 2418 717 2481 leti
734 2417 800 2480 iam
816 2416 930 2480 limine
946 2416 982 2478 in
998 2416 1079 2494 ipso.

315 2528 643 2605 intolerabilibusque
661 2527 756 2590 malis
773 2535 844 2590 erat
862 2526 981 2590 anxius
997 2546 1101 2604 angor

317 2639 454 2702 adsidue
471 2659 575 2701 comes
592 2645 623 2701 01
642 2639 766 2716 gemitu
783 2638 957 2700 commixta
975 2638 1130 2714 querella.

316 2749 547 2826 singultusque
565 2748 722 2826 frequens
740 2756 867 2811 noctem
885 2767 945 2825 per
962 2767 1058 2825 saepe
1076 2747 1226 2824 diemque

316 2846 482 2937 corripere
499 2858 636 2922 adsidue
653 2879 773 2922 neruos
790 2867 822 2921 et
838 2860 985 2921 membra
1001 2864 1152 2921 coactans

316 2970 517 3032 dissoluebat
534 2989 596 3046 001,
613 2969 760 3031 defessos
776 2975 861 3044 ante,
880 2968 1036 3045 fatigans.

316 3100 375 3142 uec
394 3080 496 3142 nimio
513 3080 666 3157 cuiquam
684 3099 794 3157 posses
812 3080 931 3142 ardore
946 3078 1035 3141 tueri

315 3189 463 3268 corporis
479 3189 514 3250 in
531 3209 657 3251 summo
672 3209 833 3252 summam
850 3188 1032 3251 feruescere
1050 3196 1188 3267 partem,

316 3301 373 3362 sed
391 3300 502 3377 potius
518 3300 668 3377 tepidum
684 3299 837 3362 manibus
854 3319 1038 3376 proponere
1055 3305 1181 3361 tactum

316 3418 348 3472 et
365 3410 463 3471 simul
478 3409 643 3472 ulceribus
660 3410 754 3486 quasi
769 3409 889 3471 inustis
906 3429 999 3471 omne
1015 3410 1133 3471 rubere

316 3540 446 3597 corpus,
463 3525 501 3582 ut
517 3526 565 3582 est
581 3541 640 3598 per
656 3521 802 3582 membra
818 3540 908 3582 sacer
925 3520 1004 3581 dum
1021 3518 1151 3581 diditur
1167 3516 1262 3595 ignis.

317 3631 434 3694 intima
452 3650 530 3708 pars
547 3629 715 3692 hominum
733 3649 813 3691 uero
829 3630 991 3707 flagrabat
1010 3629 1052 3692 ad
1069 3648 1150 3704 ossa,

316 3741 479 3818 flagrabat
497 3741 663 3803 stomacho
680 3740 811 3802 flamma
829 3746 867 3801 ut
886 3738 1078 3801 fornacibus
1095 3738 1195 3800 intus.

316 3850 365 3911 nil
382 3851 463 3914 adeo
479 3870 587 3928 posses
603 3849 757 3926 cuiquam
773 3850 845 3911 leue
862 3855 1024 3925 tenueque
1041 3848 1194 3910 membris

311 3984 378 4032 1150
390 3983 456 4044 fort.
471 3985 563 4032 tractu

310 4051 378 4100 1156
389 4050 456 4112 fort.
472 4053 499 4100 01
514 4049 600 4099 totius

811 4208 884 4286 [254⁴]
