3190 4682
647 473 698 522 nr
717 473 849 524 annun
866 448 1021 525 narras
1045 476 1067 524 V

346 687 469 773 quidue
486 681 565 750 noui
583 688 694 766 potuit
710 696 806 751 tanto
821 696 895 768 post
913 697 990 754 ante
1007 691 1134 768 quietos

346 796 480 858 inlicere
498 804 538 859 ut
556 805 716 875 cuperent
734 798 840 861 uitam
858 806 988 863 mutare
1008 800 1172 877 priorem?

302 926 422 967 -nam
439 906 583 983 gaudere
598 907 694 969 nouis
711 909 808 970 rebus
824 908 942 972 debere
958 909 1094 972 uidetur
1243 989 1245 992 Α

345 1014 399 1077 cui
415 1021 543 1078 ueteres
561 1017 697 1093 obsunt;
715 1018 772 1078 sed
790 1017 843 1080 cui
860 1017 945 1079 nihil
963 1018 1083 1080 accidit
1101 1019 1192 1105 aegri

344 1130 492 1202 tempore
507 1124 543 1186 in
560 1132 720 1202 anteacto,
737 1147 811 1190 cum
828 1128 965 1204 pulchre
982 1129 1115 1206 degeret
1132 1149 1256 1206 aeuom,

345 1233 426 1311 quid
441 1233 553 1312 potuit
567 1235 728 1298 nouitatis
743 1256 885 1299 amorem
902 1238 1078 1300 accendere
1092 1238 1175 1300 talil

238 1429 241 1436 Ι
345 1342 468 1420 quidue
483 1343 562 1405 mali
578 1343 691 1407 iuerat
707 1345 801 1407 nobis
816 1366 882 1408 non
898 1365 965 1408 esse
982 1347 1121 1410 creatis?

345 1472 398 1528 on,
414 1454 520 1529 oredo,
536 1453 572 1513 in
586 1455 730 1516 tenebris
744 1455 817 1519 uita
832 1476 869 1518 ac
883 1475 1029 1518 maerore
1044 1456 1181 1534 iacebat,

345 1561 447 1624 donec
464 1562 586 1626 diluxit
602 1584 714 1626 rerum
731 1565 884 1642 genitalis
902 1565 1014 1642 origol

329 1672 444 1748 (natus
461 1672 548 1735 enim
566 1673 662 1736 debet
680 1674 877 1752 quicumque
895 1681 943 1736 est
961 1676 1046 1738 uelle
1063 1696 1195 1739 manere

344 1780 380 1841 in
396 1781 477 1858 uite,
497 1783 599 1845 donec
615 1783 771 1845 retinebit
788 1785 911 1847 blanda
928 1785 1110 1862 uoluptas.)

345 1890 402 1969 qui
418 1911 599 1968 numquam
614 1912 696 1955 uero
711 1893 801 1956 uitae
819 1893 967 1971 gustauit
986 1914 1127 1958 amorem

344 2019 404 2062 nec
420 1999 488 2062 fuit
505 2000 540 2062 in
556 2022 702 2078 numero,
721 2002 801 2079 quid
818 2004 907 2065 obest
924 2024 991 2066 non
1008 2023 1074 2067 esse
1091 2008 1259 2066 creatum?

262 2156 271 2163 .
363 2112 606 2189 —llxemplum
626 2132 726 2190 porro
745 2112 925 2190 gignundis
944 2114 1041 2175 rebus
1060 2121 1092 2176 et
1112 2113 1185 2191 ipsa

344 2221 477 2283 notities
495 2221 582 2284 diuis
597 2222 767 2284 hominum
784 2223 872 2284 unde
889 2229 937 2284 est
955 2222 1055 2285 insita
1072 2223 1226 2301 primum,

344 2330 423 2408 quid
440 2332 565 2393 uellent
581 2329 690 2394 iacere
705 2339 744 2393 ut
760 2331 881 2394 scirent
897 2331 1070 2409 animoque
1086 2332 1249 2409 uiderent,

345 2459 450 2517 quoue
467 2441 594 2502 modost
610 2461 767 2517 umquam
784 2441 837 2503 uis
852 2442 984 2518 cognita
1001 2442 1242 2520 principiorum

344 2549 488 2626 quidque
505 2549 593 2612 inter
610 2560 756 2621 se<se>
779 2558 968 2629 permutato
986 2551 1100 2615 ordine
1119 2560 1260 2630 possent,

343 2658 371 2720 si
389 2679 455 2721 non
473 2659 545 2737 ipsa
563 2659 654 2721 dedit
672 2660 811 2738 speciem
829 2667 951 2723 natura
969 2661 1125 2724 creandil
1204 2675 1208 2685 '

343 2788 484 2845 bamque
499 2768 547 2831 ita
561 2770 668 2831 multa
681 2770 787 2831 modis
799 2770 914 2832 multis
928 2771 1112 2847 primordie
1126 2792 1237 2834 rerum

343 2899 383 2940 ex
399 2877 530 2940 infinito
545 2877 610 2940 iam
625 2884 771 2956 tempore
788 2879 915 2957 percita
930 2880 1039 2957 plagis

262 3036 264 3041 ,
343 2986 608 3064 ponderibusque
627 2988 695 3050 suis
714 2996 914 3051 consuerunt
933 2990 1061 3052 concita
1080 2989 1163 3053 ferri

344 3095 601 3174 omnimodisque
620 3098 705 3159 coire
724 3105 822 3174 atque
841 3099 950 3161 omnia
967 3106 1200 3177 pertemptare,

343 3227 566 3284 quaecumque
584 3207 671 3269 inter
688 3228 720 3270 se
737 3207 864 3285 possint
881 3228 1053 3284 congressa
1070 3228 1190 3285 creare,

342 3323 381 3378 ut
396 3336 463 3378 non
478 3316 521 3378 sit
537 3317 658 3379 mirum
674 3317 701 3378 si
716 3317 752 3377 in
767 3317 845 3379 talis
860 3318 1078 3395 disposituras

344 3425 538 3488 deciderunt
556 3446 684 3503 quoque
703 3433 735 3489 et
752 3426 788 3486 in
804 3426 882 3488 talis
898 3448 1019 3490 uenere
1035 3434 1171 3503 meatus,

343 3534 496 3611 qualibus
510 3536 590 3597 haec
605 3556 716 3597 rerum
732 3535 860 3612 geritur
876 3556 965 3598 nunc
980 3556 1107 3599 summa
1122 3538 1287 3600 nouando.

407 3647 502 3723 Quod
519 3645 546 3707 si
563 3645 628 3707 iem
645 3666 756 3708 rerum
773 3644 921 3722 ignorem
938 3645 1121 3722 primordia
1137 3666 1220 3723 quae
1237 3646 1314 3724 sint,

342 3756 402 3817 hoc
418 3763 529 3817 tamen
546 3775 585 3816 ex
602 3754 683 3832 ipsis
700 3754 781 3817 caeli
798 3754 982 3816 rationibus
1000 3755 1105 3817 ausim

342 3864 535 3927 confirmare
553 3864 690 3941 aliisque
708 3885 747 3930 ex
764 3865 862 3926 rebus
878 3865 1016 3926 reddere
1033 3864 1156 3942 multis,

353 3996 404 4044 175
414 3995 487 4055 vulg.
503 3999 534 4045 at

354 4063 404 4112 186
414 4063 487 4123 outo.
503 4064 644 4128 specimen

353 4131 403 4180 191
414 4131 486 4192 vulg.
505 4135 616 4196 possent
