3190 4682
628 465 680 514 DE
698 464 830 514 RERVM
847 464 1002 514 NATVBA
1025 464 1049 513 V

391 969 464 1046 Qua
478 967 573 1045 prius
588 967 765 1046 adgrediar
781 968 934 1045 quamde
950 987 985 1029 re
1001 967 1143 1029 fundere
1158 966 1231 1030 fata
1269 1052 1270 1056 Ἰ

326 1077 473 1140 sanetius
489 1084 521 1140 et
536 1077 642 1139 multo
656 1084 747 1140 eerta
762 1075 889 1140 ratione
905 1077 1010 1155 magis
1026 1097 1124 1154 quam

326 1186 450 1263 Pythia
466 1206 549 1263 quae
566 1185 697 1263 tripode
714 1207 735 1249 a
749 1185 872 1248 Phoebi
888 1187 1047 1271 lauroque
1064 1184 1231 1264 profatur,

326 1297 433 1358 multa
449 1295 512 1358 tibi
530 1295 702 1374 expediam
720 1295 825 1357 doetis
843 1295 963 1358 solacia
980 1294 1095 1373 dietis3
1131 1366 1133 1370 g

327 1404 497 1483 relligione
513 1403 704 1467 refrenatus
719 1425 759 1467 ne
777 1403 864 1466 forte
880 1404 984 1466 rearis
1007 1482 1010 1485 ¹
1130 1476 1131 1479 Ἴ

327 1521 435 1578 terras
449 1522 482 1577 et
495 1515 594 1577 solem
610 1521 642 1577 et
658 1514 793 1591 eaelum,
808 1534 899 1577 mare
914 1513 1024 1576 sidera
1037 1514 1162 1590 lunam,

326 1644 462 1701 eorpore
481 1623 598 1686 diuino
615 1624 732 1686 debere
752 1630 886 1687 aeterna
905 1644 1013 1686 meare

311 1734 569 1812 (proptereaque
586 1740 683 1811 putes
699 1733 769 1796 ritu
786 1753 848 1810 par
865 1753 932 1796 esse
950 1733 1131 1810 Gigantum

327 1844 470 1920 pendere
487 1863 541 1906 eos
557 1862 678 1920 poenas
693 1842 820 1905 inmani
837 1862 898 1920 pro
915 1843 1033 1905 seelere
1050 1842 1154 1904 omnis

328 1952 385 2029 qui
401 1952 529 2016 ratione
546 1973 605 2015 sua
622 1952 810 2014 disturbent
825 1952 954 2015 moenia
970 1951 1086 2014 mundi

327 2062 599 2139 praeclarumque
615 2062 722 2124 uelint
739 2062 821 2123 eaeli
838 2061 1042 2138 restinguere
1060 2062 1158 2123 solem

327 2170 517 2234 inmortalia
534 2171 667 2233 mortali
686 2191 832 2234 sermone
851 2172 1020 2247 notantes)
1036 2197 1043 2247 ;

328 2300 411 2358 quae
426 2281 543 2357 proeul
557 2301 660 2358 usque
677 2281 759 2343 adeo
773 2281 890 2342 diuino
904 2301 924 2343 a
938 2280 1073 2343 numine
1087 2280 1223 2357 distent,

327 2390 427 2466 inque
441 2390 540 2452 deum
555 2410 693 2452 numero
705 2411 789 2467 quae
804 2389 870 2452 sint
886 2389 1023 2467 indigna
1039 2389 1157 2466 uideri,

327 2498 480 2561 notitiam
496 2498 607 2576 potius
623 2501 779 2576 praebere
796 2506 834 2561 ut
851 2519 944 2576 posse
961 2498 1136 2577 putentur

328 2607 408 2686 quid
424 2607 468 2670 sit
483 2607 581 2670 uitali
596 2615 688 2671 motu
705 2629 866 2686 sensuque
882 2617 1053 2671 remotum.

284 2717 451 2795 -quippe
468 2718 588 2780 etenim
604 2738 671 2780 non
688 2726 746 2794 est,
764 2703 838 2780 eum
856 2718 972 2795 quouis
989 2738 1124 2796 eorpore
1141 2726 1179 2781 ut
1196 2739 1263 2782 esse

327 2847 420 2905 posse
437 2827 539 2890 animi
555 2835 677 2890 natura
692 2834 831 2905 putetur
847 2827 1101 2905 eonsiliumque;

311 2936 414 3012 (sieut
429 2937 465 2997 in
481 2937 611 2999 aethere
627 2957 693 2999 non
710 2938 816 3012 arbor,
833 2958 900 2999 non
916 2957 1055 3022 aequore
1072 2938 1156 3000 salso

328 3047 430 3108 nubes
447 3066 514 3109 esse
531 3053 657 3123 queunt
673 3066 778 3122 neque
795 3046 900 3124 pisees
916 3046 1030 3110 uiuere
1047 3047 1083 3108 in
1099 3046 1189 3110 aruis

327 3174 387 3216 nee
404 3175 501 3217 eruor
519 3154 554 3215 in
570 3153 671 3233 lignis
686 3176 791 3232 neque
808 3156 895 3218 saxis
912 3176 1008 3218 sueus
1026 3156 1061 3217 in
1079 3157 1177 3232 esse).

327 3270 453 3325 eertum
469 3284 506 3325 ae
522 3263 751 3341 dispositumst
766 3264 824 3326 ubi
840 3264 996 3341 quiequid
1014 3270 1137 3328 creseat
1154 3272 1185 3328 et
1201 3264 1291 3327 insit.

338 3368 501 3418 ANIMVM
518 3370 566 3419 ΕΤ
583 3369 746 3419 ΑΝΙΜΑΜ
764 3370 844 3420 NON
861 3360 975 3420 POSSE
992 3370 1081 3420 SINE
1099 3370 1269 3421 CORPORE
1286 3366 1370 3421 ESSE

284 3457 373 3519 —sie
391 3456 492 3520 animi
509 3464 633 3521 natura
647 3458 763 3534 nequit
780 3459 849 3521 sine
867 3478 1002 3536 corpore
1020 3459 1100 3521 oriri

326 3567 395 3628 sola
411 3586 517 3643 neque
534 3588 554 3630 a
569 3567 682 3630 neruis
700 3575 731 3630 et
749 3568 908 3645 sanguine
926 3568 1056 3645 longius
1074 3589 1149 3631 esse.

328 3677 416 3753 quod
431 3676 459 3738 si
475 3684 583 3753 posset
600 3677 695 3752 enim,
712 3678 817 3739 multo
833 3677 927 3754 prius
943 3677 1016 3754 ipsa
1032 3678 1134 3741 animi
1149 3677 1201 3740 uis

327 3784 363 3846 in
379 3785 487 3863 eapite
502 3793 560 3848 aut
575 3786 698 3849 umeris
713 3793 771 3849 aut
786 3786 860 3848 imis
876 3787 1019 3849 ealeibus
1035 3806 1101 3848 esse

328 3901 436 3971 posset
454 3902 486 3958 et
504 3895 631 3959 innasci
649 3895 767 3973 quauis
784 3895 819 3956 in
836 3902 932 3973 parte
950 3896 1076 3972 soleret,
1102 3894 1104 3897 ’

327 4004 461 4067 tandem
477 4004 513 4065 in
528 4006 639 4068 eodem
654 4004 784 4066 homine
800 4011 899 4082 atque
914 4004 950 4066 in
966 4005 1077 4067 eodem
1092 4025 1170 4068 uase
1185 4025 1326 4070 manere.

339 4153 389 4201 116
399 4152 471 4213 vulp.
486 4168 595 4202 manere

338 4219 388 4268 133
398 4220 470 4280 vulp.
487 4220 611 4284 longiter
822 4238 895 4287 [168]
